2310 4050
169 297 214 349 111
225 297 249 358 1,
260 298 383 363 ise-en]
415 299 556 351 HAV'I'ON
574 298 839 351 TIMOBVMENOS.
981 298 1029 352 187

153 414 263 469 ‘sumtt
283 420 427 471 consumet
444 415 551 485 perdat,
572 415 745 471 decretumst
763 415 830 485 pati,
977 421 1029 470 465

169 496 238 549 dum
249 495 328 549 illum
340 497 423 551 modo
435 496 551 553 habeam
562 498 676 552 mecum.
712 498 764 552 On.
783 497 807 552 si
819 496 955 552 certumst
965 495 1018 551 tibi

169 576 210 631 sie
227 577 327 645 fecere,
345 578 413 632 illud
431 578 575 648 permtgni
592 595 623 632 re
640 579 715 632 ferre
728 578 860 646 arbitror,

169 662 204 714 ut
220 659 404 716 nescientem
422 662 523 716 sentiat
541 665 570 716 te
587 661 617 715 id
636 661 689 715 sibi
708 660 784 715 dere.

131 757 157 796 ee
170 741 229 796 Mn
264 742 333 811 quid
356 742 472 798 steiami
517 743 569 798 On.
601 742 710 811 quidvis
734 743 826 812 petius
849 757 931 810 quam
953 740 1029 811 quod

726 824 847 891 etgites:

168 917 222 971 per
238 903 324 958 islium
342 904 466 974 quemvis
483 903 515 958 ut
533 903 598 958 des:
616 903 674 958 fulli
693 903 721 958 ts
739 904 813 958 sinas
975 905 1028 962 470

168 982 292 1039 techinis
309 1001 360 1055 per
377 985 529 1039 servolum:
547 985 600 1039 etsi
617 983 745 1038 subsensi
762 983 794 1036 id
812 999 931 1053 quoque,
953 1028 957 1033 .

167 1063 230 1120 ilits
247 1066 287 1120 ibi
305 1083 373 1133 esse,
390 1064 422 1118 id
437 1066 519 1135 figere
536 1066 610 1141 inter
629 1081 658 1119 se
676 1064 837 1119 eltneulum.

168 1146 256 1215 Syrus
274 1163 337 1200 cum
355 1146 403 1200 illo
422 1151 515 1201 vostro
534 1148 735 1213 etnsusurrent
753 1145 898 1201 ctnferunt

131 1241 155 1281 st
168 1227 286 1282 consilia
304 1229 341 1282 ed
359 1227 559 1283 adulescentis:
579 1231 609 1282 et
628 1227 680 1283 tibi
699 1226 831 1296 perdere·

167 1309 305 1365 talentum
324 1310 376 1364 hoe
394 1314 475 1378 paeto
493 1310 580 1364 sttius
599 1312 643 1363 est
662 1324 744 1376 quam
762 1308 808 1362 illt
826 1306 937 1363 minam
974 1311 1026 1365 475

168 1407 225 1445 non
243 1391 317 1445 nime
336 1392 453 1460 pecunie
471 1392 571 1460 iegitur,
589 1389 640 1445 sed
658 1389 726 1443 illud
744 1391 798 1457 qut
817 1388 901 1443 mode

168 1472 292 1527 minumt
311 1473 414 1542 periclo
432 1473 463 1527 id
480 1474 576 1527 dtmus
594 1471 808 1527 adulescentulo.

168 1569 235 1608 nem
253 1554 277 1608 si
296 1555 380 1610 semel
399 1558 476 1609 tuom
495 1555 616 1608 tuimum
633 1553 680 1608 ille
698 1553 874 1622 intellexerit,

131 1653 155 1692 re
168 1637 247 1706 prius
265 1637 440 1705 prtditurum
459 1637 487 1691 ts
505 1640 582 1690 tuam
600 1636 687 1691 vitem
708 1636 737 1690 et
755 1635 832 1704 prius

166 1719 316 1790 pecuniam
327 1735 444 1785 omnem,
457 1734 540 1787 quam
552 1717 602 1771 ens
615 1720 644 1771 te
655 1717 767 1771 amittas
778 1716 884 1771 silium:
896 1715 953 1784 hui,
977 1722 1028 1773 480

168 1801 304 1870 quanttm
322 1800 471 1855 fenestram
489 1798 526 1853 nd
543 1798 694 1867 nequitiem
713 1798 884 1866 patefeceris,

168 1882 224 1936 tibi
241 1881 336 1938 autem
355 1886 438 1950 porro
457 1883 490 1935 ut
508 1882 562 1935 ntn
580 1880 618 1935 sit
637 1896 720 1934 suave
739 1881 849 1934 vivere!

168 1979 234 2017 uam
255 1962 407 2017 deteriores
425 1964 519 2017 tmnes
539 1978 633 2016 sumus
652 1961 769 2016 licentia.

134 2049 156 2089 ⁷⁵
168 2043 258 2115 [qnod
275 2045 396 2113 quoique
413 2058 552 2112 quomque
571 2042 702 2097 inciderit
720 2043 748 2096 in
768 2043 897 2112 mentem,
915 2042 998 2110 volet,

168 2142 261 2196 neque
281 2125 313 2180 id
330 2125 441 2195 putabit
460 2125 610 2194 prtvomne
629 2141 665 2179 an
685 2123 792 2179 rectum
812 2123 885 2195 siet]
975 2131 1027 2181 485

168 2211 203 2263 tu
222 2208 282 2262 rem
300 2207 392 2277 perire
413 2209 443 2261 et
460 2207 552 2275 ipsum
576 2221 630 2259 non
649 2206 755 2275 poteris
775 2206 841 2274 peti.

169 2287 238 2343 dure
258 2288 417 2356 denegaris:
437 2287 490 2342 ibit
509 2287 546 2342 ad
562 2287 631 2340 illud
651 2287 721 2356 ssieo,

169 2386 225 2439 quo
245 2370 374 2424 mexume
395 2369 470 2440 apud
488 2371 518 2423 te
536 2370 564 2424 se
586 2369 678 2423 valere
697 2371 814 2425 sentiet:

134 2460 156 2499 ⁸⁰
169 2449 311 2506 abiturum
330 2466 361 2504 se
380 2450 429 2504 abs
450 2453 479 2504 te
498 2466 559 2504 esse
578 2449 641 2504 ilico
660 2449 818 2505 mintbitur.

168 2533 226 2587 Mn.
262 2532 356 2586 videre
374 2548 440 2586 vere
457 2535 542 2599 etque
561 2530 601 2585 ita
620 2531 662 2585 uti
681 2546 726 2584 res
745 2535 789 2587 est
807 2531 907 2588 dicere.
974 2537 1026 2588 490

170 2613 223 2669 On.
259 2629 385 2667 somnum
397 2613 488 2667 hercle
500 2629 551 2681 ego
563 2611 614 2667 hee
626 2616 708 2666 noete
720 2613 803 2667 teulis
814 2629 869 2666 non
880 2611 940 2667 vidi
950 2613 1026 2680 meis,

169 2695 238 2748 dum
257 2695 287 2748 id
308 2696 415 2765 quaero,
436 2694 489 2748 tibi
507 2695 554 2764 qui
573 2695 666 2748 filium
685 2696 869 2750 restituerem.

169 2775 230 2832 Mn.
266 2775 335 2831 cedo
363 2776 504 2831 dextram:
532 2791 615 2844 porro
644 2777 671 2831 te
700 2776 776 2830 idem
804 2793 852 2830 ore
879 2779 913 2830 ut
935 2775 1025 2845 facits,

724 2858 863 2912 Chremes.

133 2952 156 2992 es
169 2937 222 2993 cn.
255 2939 370 3008 perttns
382 2955 450 2993 sum.
486 2939 544 2994 Mn.
568 2939 625 2994 scin
638 2938 708 3008 quid
720 2955 792 2993 nune
804 2939 935 2993 feeerete
947 2938 1026 2994 volo?

168 3019 221 3074 Cn.
260 3019 311 3074 dio.
344 3019 402 3074 Mn.
425 3021 499 3089 qutd
517 3021 627 3076 sensisti
645 3020 705 3074 iilts
723 3036 768 3073 me
785 3020 904 3089 incipere
921 3021 1024 3087 ftllere,

166 3100 198 3157 id
217 3102 251 3156 rit
271 3105 413 3157 maturent
431 3103 538 3158 sineere:
559 3102 640 3171 cupio
659 3101 700 3154 illi
719 3101 787 3155 dare
973 3108 1024 3157 496

166 3182 244 3252 quod
255 3182 320 3251 ven.
332 3184 413 3252 cupio
424 3185 514 3254 ipsum
525 3184 581 3238 itm
594 3184 696 3237 videre.
732 3184 784 3239 ΟΗ.
808 3185 920 3253 opernm
932 3182 1012 3241 dubo.

166 3264 283 3335 paulum
304 3265 398 3333 negoti
417 3265 456 3319 mi
478 3266 587 3320 tbstat:
614 3265 704 3319 Simus
724 3265 752 3320 tt
773 3265 852 3320 Crito

129 3365 153 3404 00
166 3346 249 3402 vicini
268 3347 357 3401 nostri
377 3347 422 3402 hie
441 3348 585 3417 tmbigunt
604 3346 641 3401 de
661 3347 783 3402 finibus:

165 3444 211 3482 me
228 3429 326 3497 cepere
342 3428 494 3483 arbitrum:
510 3429 557 3483 ibo
573 3428 627 3498 [ee]
643 3427 739 3496 dicem,
756 3432 789 3483 ut
804 3428 929 3484 dixeram
974 3435 1025 3487 500

165 3509 280 3578 opertm
300 3508 430 3563 daturum
450 3526 502 3578 me,
521 3508 603 3564 htdie
622 3526 675 3563 non
695 3525 775 3578 posse
794 3510 834 3564 eis
852 3510 926 3565 dare.

165 3591 356 3647 continuohie
367 3591 476 3646 adsum
500 3592 556 3646 Mn.
570 3592 611 3647 ite
623 3591 731 3661 quaiso.
755 3592 1022 3651 divostrtmfidem!
1132 3552 1136 3558 ·
