2310 4050
424 405 703 474 PROLOGVS.

141 752 290 821 Postquam
309 756 392 821 poeta
408 753 487 807 vetus
504 755 615 822 poetam
632 752 687 806 ndu
704 752 798 821 potest

138 836 282 890 retrthere
300 835 335 889 ab
354 835 446 889 studio
464 838 494 889 et
511 834 657 889 trinodere
673 833 813 887 hominem
830 831 859 885 in
876 829 957 896 dtium,

138 915 293 971 maledictis
311 915 451 970 deterrere
468 931 504 969 ne
521 914 624 970 scribat
641 917 738 984 parat:

138 997 187 1066 qui
204 998 244 1052 ita
261 997 381 1065 dictitat,
399 1013 467 1066 quas
485 997 601 1050 antehac
618 996 685 1049 feeit
702 993 818 1062 fabulas,

137 1079 215 1132 tenui
234 1079 292 1134 esse
310 1079 434 1133 oratione
451 1080 481 1132 et
498 1078 636 1147 seripturis
652 1076 721 1130 levi:
962 1076 974 1123 5

137 1159 202 1228 quia
218 1159 367 1229 numquam
384 1161 509 1213 insanum
528 1159 637 1228 scripsit
654 1155 888 1212 adulescentulum

137 1240 246 1294 cervam
264 1240 359 1295 videre
376 1241 473 1310 frigere
490 1243 520 1294 et
538 1240 640 1294 sectari
658 1256 739 1293 canes

136 1327 166 1378 et
184 1323 245 1377 eim
262 1322 378 1393 plorare,
397 1324 476 1378 orare
494 1326 526 1377 ut
544 1323 687 1377 subveniat
704 1321 763 1375 sibi.

137 1403 212 1474 quod
229 1404 253 1458 si
270 1404 451 1474 Intellegeret,
469 1406 551 1473 qudm
569 1404 648 1458 stetit
667 1403 733 1458 olim
749 1418 830 1469 nova,

137 1485 237 1539 ceteris
255 1501 339 1555 opera
355 1486 442 1554 magis
460 1486 571 1540 stetisse
589 1485 672 1554 quam
690 1501 746 1550 sua,
951 1485 976 1532 10

136 1565 228 1619 minus
245 1566 332 1620 mirlto
350 1567 489 1636 audacter,
508 1567 590 1636 quim
608 1582 679 1619 nunc
696 1564 791 1633 laedit,
809 1564 935 1618 laederet

22 1712 31 1729 ·
136 1664 209 1702 nunc
227 1648 314 1718 siquis
331 1651 382 1718 est,
399 1650 446 1719 qui
463 1649 515 1704 hoc
531 1649 607 1703 dicat
624 1652 672 1703 aut
690 1649 729 1704 sic
747 1648 868 1716 cogitet:

138 1731 233 1785 ‘vetus
250 1729 275 1783 si
292 1734 375 1801 poeta
392 1732 446 1785 ndu
463 1731 617 1785 lacessisset
634 1729 718 1799 prior,

136 1810 242 1877 nullum
260 1811 383 1867 invenire
400 1811 543 1882 prologum
560 1812 654 1882 posset
670 1826 755 1864 novos
765 1809 783 1864 :‘

136 1891 231 1961 [quem
248 1893 362 1961 diceret,
380 1893 432 1948 uisi
448 1893 565 1948 haberet
582 1893 626 1947 cui
643 1892 714 1946 male
732 1891 839 1945 diceret
849 1890 867 1960 ε]
953 1894 979 1942 15

136 1974 160 2027 is
178 1973 231 2051 sibi
248 1990 407 2043 responsum
424 1975 476 2028 hoc
493 1973 604 2042 hebeat,
621 1973 650 2027 in
666 1973 759 2028 medie
776 1970 901 2026 omnibus

136 2054 255 2124 palmam
274 2057 332 2111 esse
349 2057 475 2127 positam,
494 2056 542 2126 qui
559 2057 648 2110 artem
666 2057 789 2110 tractant
807 2054 943 2109 musicam.

135 2135 182 2189 ille
200 2135 237 2190 td
254 2136 353 2191 famem
370 2135 443 2191 hune
460 2137 495 2192 ab
513 2136 606 2191 stirdie
622 2136 731 2191 studuit
748 2137 870 2191 reicere:

136 2217 181 2272 hic
198 2219 365 2288 respondere
382 2220 477 2288 voluit,
495 2237 550 2273 nen
566 2219 707 2273 lacessere.

136 2298 291 2354 benedictis
307 2300 331 2353 si
349 2301 490 2368 certasset,
507 2299 630 2354 audisset
648 2300 733 2354 bene:
952 2304 981 2352 20

137 2380 211 2447 quod
229 2381 330 2437 abillo
347 2382 504 2450 adlatumst,
522 2381 553 2434 id
570 2382 622 2435 sibi
640 2380 768 2436 rellatum
784 2383 875 2449 putet

136 2460 172 2516 de
189 2461 236 2516 illd
252 2462 307 2516 iam
324 2462 406 2518 finem
424 2463 523 2517 ficiam
541 2461 655 2516 dicundi
672 2461 746 2529 mihi,

135 2544 268 2614 peccandi
286 2562 368 2613 quom
386 2545 446 2616 ipse
464 2545 498 2599 de
515 2562 545 2599 se
562 2545 645 2599 finem
663 2545 716 2598 ndu
733 2543 820 2598 faciti

135 2642 208 2681 nune
225 2626 295 2696 quid
312 2626 394 2681 velim
412 2626 533 2681 animum
551 2627 694 2681 attendite.
719 2621 838 2695 adportd
855 2641 952 2681 noram

135 2708 382 2778 Epidicazomenon
400 2710 483 2778 quam
501 2713 600 2762 vocant
616 2706 784 2762 comoediam
952 2712 983 2761 26

135 2790 241 2858 Graeci,
260 2790 352 2845 Latini
370 2789 561 2844 Phdrmiouem
578 2790 737 2845 nemiuant:

135 2875 200 2944 quia
216 2876 320 2945 primas
337 2875 425 2946 partis
443 2876 492 2944 qui
508 2879 580 2944 aget,
598 2877 622 2930 is
637 2876 691 2930 erit
710 2875 837 2931 Phdrmie

133 2959 280 3027 parasitus,
297 2973 447 3027 perquem
464 2958 507 3012 res
524 2960 636 3025 geretur
652 2959 787 3026 mdxume,

134 3038 260 3094 voluntas
277 3041 370 3093 rostra
387 3039 410 3093 si
428 3039 592 3108 adpetitam
610 3039 760 3094 accesserit

134 3119 201 3175 date
219 3120 339 3188 dperam,
356 3118 453 3173 adeste
469 3135 557 3188 aequo
576 3119 665 3174 inimo
682 3136 733 3188 per
750 3119 896 3191 silentium,
937 3129 985 3178 ·³e

132 3214 169 3255 ne
185 3199 269 3255 simili
285 3203 396 3254 utamur
412 3199 529 3268 fortuna,
546 3203 632 3269 atque
649 3200 692 3254 usi
710 3217 804 3256 sumus

134 3300 216 3352 quom
234 3285 283 3352 per
300 3283 451 3339 tumultum
468 3286 563 3339 ndster
579 3302 648 3353 grex
665 3285 757 3341 motis
774 3287 879 3345 locost:

133 3383 215 3435 quem
233 3367 334 3420 actoris
351 3366 439 3421 virtus
456 3367 535 3421 nobis
551 3367 676 3422 restituit
693 3367 783 3424 locum

131 3448 295 3518 bouittsque
312 3451 406 3502 vostra
423 3447 551 3504 adiitans
568 3453 652 3519 atque
670 3450 877 3518 aequtnimitaa
