<?xml version="1.0" encoding="UTF-8"?>
<!DOCTYPE html PUBLIC "-//W3C//DTD XHTML 1.0 Transitional//EN"
    "http://www.w3.org/TR/xhtml1/DTD/xhtml1-transitional.dtd">
<html xmlns="http://www.w3.org/1999/xhtml" xml:lang="en" lang="en">
 <head>
  <title>
</title>
<meta http-equiv="Content-Type" content="text/html;charset=utf-8" />
  <meta name='ocr-system' content='tesseract 3.04.00' />
  <meta name='ocr-capabilities' content='ocr_page ocr_carea ocr_par ocr_line ocrx_word'/>
</head>
<body>
  <div class='ocr_page' id='page_1' title='image "./pterenticomoedi03teregoog/pterenticomoedi03teregoog_0079.png"; bbox 0 0 2310 4050; ppageno 0'>
   <div class='ocr_carea' id='block_1_1' title="bbox 184 241 1035 313">
    <p class='ocr_par' dir='ltr' id='par_1_1' title="bbox 184 241 1035 313">
     <span class='ocr_line' id='line_1_1' title="bbox 184 241 1035 313; baseline 0.012 -23"><span class='ocrx_word' id='word_1_1' title='bbox 184 241 217 291; x_wconf 78' lang='lat' dir='ltr'><strong>ee</strong></span> <span class='ocrx_word' id='word_1_2' title='bbox 511 245 539 294; x_wconf 85' lang='lat' dir='ltr'><strong>P.</strong></span> <span class='ocrx_word' id='word_1_3' title='bbox 557 244 710 295; x_wconf 70' lang='lat' dir='ltr'><strong>ananan</strong></span> <span class='ocrx_word' id='word_1_4' title='bbox 762 247 847 310; x_wconf 70' lang='lat' dir='ltr'><strong>[wa</strong></span> <span class='ocrx_word' id='word_1_5' title='bbox 861 248 949 300; x_wconf 84' lang='lat' dir='ltr'><strong>1a-v</strong></span> <span class='ocrx_word' id='word_1_6' title='bbox 962 250 984 313; x_wconf 89' lang='lat'><strong>1,</strong></span> <span class='ocrx_word' id='word_1_7' title='bbox 998 251 1035 300; x_wconf 80' lang='grc' dir='ltr'><strong>ιι.</strong></span> 
     </span>
    </p>
   </div>
   <div class='ocr_carea' id='block_1_2' title="bbox 149 357 1037 1403">
    <p class='ocr_par' dir='ltr' id='par_1_2' title="bbox 149 357 1037 1403">
     <span class='ocr_line' id='line_1_2' title="bbox 185 357 1035 431; baseline 0.007 -19"><span class='ocrx_word' id='word_1_8' title='bbox 185 375 249 413; x_wconf 90' lang='lat' dir='ltr'><strong>nam</strong></span> <span class='ocrx_word' id='word_1_9' title='bbox 260 357 312 429; x_wconf 75' lang='lat' dir='ltr'><strong>pti,</strong></span> <span class='ocrx_word' id='word_1_10' title='bbox 323 357 346 412; x_wconf 92' lang='lat' dir='ltr'><strong>si</strong></span> <span class='ocrx_word' id='word_1_11' title='bbox 357 357 386 413; x_wconf 90' lang='lat' dir='ltr'><strong>id</strong></span> <span class='ocrx_word' id='word_1_12' title='bbox 399 358 520 428; x_wconf 78' lang='lat' dir='ltr'>scissem,</span> <span class='ocrx_word' id='word_1_13' title='bbox 529 359 678 429; x_wconf 76' lang='lat' dir='ltr'><strong>nimquam</strong></span> <span class='ocrx_word' id='word_1_14' title='bbox 689 360 744 415; x_wconf 88' lang='lat' dir='ltr'><strong>huc</strong></span> <span class='ocrx_word' id='word_1_15' title='bbox 756 360 911 416; x_wconf 76' lang='lat' dir='ltr'><strong>tetulisstm</strong></span> <span class='ocrx_word' id='word_1_16' title='bbox 923 363 1035 431; x_wconf 89' lang='lat' dir='ltr'><strong>pedem:</strong></span> 
     </span>
     <span class='ocr_line' id='line_1_3' title="bbox 186 439 1013 509; baseline 0.007 -16"><span class='ocrx_word' id='word_1_17' title='bbox 186 441 292 509; x_wconf 72' lang='lat' dir='ltr'><strong>semptr</strong></span> <span class='ocrx_word' id='word_1_18' title='bbox 310 439 382 494; x_wconf 91' lang='lat' dir='ltr'><strong>enim</strong></span> <span class='ocrx_word' id='word_1_19' title='bbox 400 439 503 494; x_wconf 76' lang='lat' dir='ltr'><strong>dictast</strong></span> <span class='ocrx_word' id='word_1_20' title='bbox 520 441 579 495; x_wconf 81' lang='lat' dir='ltr'><strong>tsse</strong></span> <span class='ocrx_word' id='word_1_21' title='bbox 595 440 664 495; x_wconf 82' lang='lat' dir='ltr'><strong>haee</strong></span> <span class='ocrx_word' id='word_1_22' title='bbox 682 443 766 509; x_wconf 75' lang='lat' dir='ltr'><strong>atque</strong></span> <span class='ocrx_word' id='word_1_23' title='bbox 783 441 907 496; x_wconf 79' lang='lat' dir='ltr'><strong>habittst</strong></span> <span class='ocrx_word' id='word_1_24' title='bbox 924 460 1013 500; x_wconf 83' lang='lat' dir='ltr'><strong>soror:</strong></span> 
     </span>
     <span class='ocr_line' id='line_1_4' title="bbox 152 521 1036 594; baseline 0.007 -20"><span class='ocrx_word' id='word_1_25' title='bbox 152 536 174 576; x_wconf 79' lang='grc' dir='ltr'><strong>ιι</strong></span> <span class='ocrx_word' id='word_1_26' title='bbox 185 537 256 590; x_wconf 85' lang='lat' dir='ltr'><strong>qnae</strong></span> <span class='ocrx_word' id='word_1_27' title='bbox 273 521 346 575; x_wconf 82' lang='lat' dir='ltr'><strong>illius</strong></span> <span class='ocrx_word' id='word_1_28' title='bbox 363 521 481 587; x_wconf 76' lang='lat' dir='ltr'><strong>fuerunt</strong></span> <span class='ocrx_word' id='word_1_29' title='bbox 497 521 636 591; x_wconf 81' lang='lat' dir='ltr'><strong>ptssidet:</strong></span> <span class='ocrx_word' id='word_1_30' title='bbox 659 539 732 577; x_wconf 87' lang='lat' dir='ltr'><strong>nune</strong></span> <span class='ocrx_word' id='word_1_31' title='bbox 749 540 795 578; x_wconf 91' lang='lat' dir='ltr'><strong>me</strong></span> <span class='ocrx_word' id='word_1_32' title='bbox 812 523 950 594; x_wconf 85' lang='lat' dir='ltr'><strong>htspitem</strong></span> <span class='ocrx_word' id='word_1_33' title='bbox 986 530 1036 581; x_wconf 85' lang='lat'><strong>810</strong></span> 
     </span>
     <span class='ocr_line' id='line_1_5' title="bbox 185 600 946 673; baseline 0.007 -19"><span class='ocrx_word' id='word_1_34' title='bbox 185 601 244 656; x_wconf 85' lang='lat' dir='ltr'><strong>litis</strong></span> <span class='ocrx_word' id='word_1_35' title='bbox 261 600 346 670; x_wconf 88' lang='lat' dir='ltr'><strong>sequi,</strong></span> <span class='ocrx_word' id='word_1_36' title='bbox 365 618 448 670; x_wconf 88' lang='lat' dir='ltr'><strong>quam</strong></span> <span class='ocrx_word' id='word_1_37' title='bbox 465 601 510 655; x_wconf 87' lang='lat' dir='ltr'><strong>hie</strong></span> <span class='ocrx_word' id='word_1_38' title='bbox 527 601 595 655; x_wconf 85' lang='lat' dir='ltr'><strong>mihi</strong></span> <span class='ocrx_word' id='word_1_39' title='bbox 613 602 650 657; x_wconf 87' lang='lat' dir='ltr'><strong>sit</strong></span> <span class='ocrx_word' id='word_1_40' title='bbox 667 602 748 658; x_wconf 86' lang='lat' dir='ltr'><strong>facile</strong></span> <span class='ocrx_word' id='word_1_41' title='bbox 766 607 851 672; x_wconf 87' lang='lat' dir='ltr'><strong>atque</strong></span> <span class='ocrx_word' id='word_1_42' title='bbox 869 604 946 673; x_wconf 80' lang='lat' dir='ltr'><strong>itile,</strong></span> 
     </span>
     <span class='ocr_line' id='line_1_6' title="bbox 185 683 897 755; baseline 0.004 -18"><span class='ocrx_word' id='word_1_43' title='bbox 185 683 299 737; x_wconf 78' lang='lat' dir='ltr'><strong>alitrum</strong></span> <span class='ocrx_word' id='word_1_44' title='bbox 317 684 443 753; x_wconf 85' lang='lat' dir='ltr'><strong>exempla</strong></span> <span class='ocrx_word' id='word_1_45' title='bbox 460 685 648 740; x_wconf 86' lang='lat' dir='ltr'><strong>etmmenent:</strong></span> <span class='ocrx_word' id='word_1_46' title='bbox 671 685 752 739; x_wconf 88' lang='lat' dir='ltr'><strong>simul</strong></span> <span class='ocrx_word' id='word_1_47' title='bbox 769 685 897 755; x_wconf 74' lang='lat' dir='ltr'><strong>arbitrer,</strong></span> 
     </span>
     <span class='ocr_line' id='line_1_7' title="bbox 185 761 1037 832; baseline 0.009 -16"><span class='ocrx_word' id='word_1_48' title='bbox 185 761 240 816; x_wconf 87' lang='lat' dir='ltr'><strong>iam</strong></span> <span class='ocrx_word' id='word_1_49' title='bbox 257 762 374 832; x_wconf 78' lang='lat' dir='ltr'>aliquem</span> <span class='ocrx_word' id='word_1_50' title='bbox 392 765 450 818; x_wconf 80' lang='lat' dir='ltr'><strong>tsse</strong></span> <span class='ocrx_word' id='word_1_51' title='bbox 467 765 585 818; x_wconf 86' lang='lat' dir='ltr'><strong>amicum</strong></span> <span class='ocrx_word' id='word_1_52' title='bbox 603 769 632 820; x_wconf 89' lang='lat' dir='ltr'><strong>et</strong></span> <span class='ocrx_word' id='word_1_53' title='bbox 649 764 820 821; x_wconf 77' lang='lat' dir='ltr'><strong>dtfensorem</strong></span> <span class='ocrx_word' id='word_1_54' title='bbox 838 767 881 824; x_wconf 93' lang='lat' dir='ltr'><strong>ei:</strong></span> <span class='ocrx_word' id='word_1_55' title='bbox 901 769 967 824; x_wconf 75' lang='lat' dir='ltr'><strong>ntm</strong></span> <span class='ocrx_word' id='word_1_56' title='bbox 979 769 1037 824; x_wconf 86' lang='lat' dir='ltr'><strong>fere</strong></span> 
     </span>
     <span class='ocr_line' id='line_1_8' title="bbox 185 842 854 915; baseline 0.01 -19"><span class='ocrx_word' id='word_1_57' title='bbox 185 842 345 911; x_wconf 81' lang='lat' dir='ltr'><strong>grandicula</strong></span> <span class='ocrx_word' id='word_1_58' title='bbox 361 844 415 898; x_wconf 91' lang='lat' dir='ltr'><strong>iam</strong></span> <span class='ocrx_word' id='word_1_59' title='bbox 432 845 583 915; x_wconf 73' lang='lat' dir='ltr'><strong>profectast</strong></span> <span class='ocrx_word' id='word_1_60' title='bbox 600 845 681 901; x_wconf 89' lang='lat' dir='ltr'><strong>illinc.</strong></span> <span class='ocrx_word' id='word_1_61' title='bbox 709 847 854 903; x_wconf 75' lang='lat' dir='ltr'><strong>clamitent</strong></span> 
     </span>
     <span class='ocr_line' id='line_1_9' title="bbox 149 925 1036 997; baseline 0.01 -20"><span class='ocrx_word' id='word_1_62' title='bbox 149 938 229 978; x_wconf 71' lang='lat' dir='ltr'><strong>aeme</strong></span> <span class='ocrx_word' id='word_1_63' title='bbox 247 925 451 997; x_wconf 65' lang='lat' dir='ltr'><strong>sycophantam,</strong></span> <span class='ocrx_word' id='word_1_64' title='bbox 469 926 653 981; x_wconf 73' lang='lat' dir='ltr'><strong>hertditatem</strong></span> <span class='ocrx_word' id='word_1_65' title='bbox 670 928 798 996; x_wconf 78' lang='lat' dir='ltr'><strong>ptrsequi</strong></span> <span class='ocrx_word' id='word_1_66' title='bbox 987 938 1036 989; x_wconf 87' lang='lat'><strong>815</strong></span> 
     </span>
     <span class='ocr_line' id='line_1_10' title="bbox 185 1005 886 1077; baseline 0.011 -19"><span class='ocrx_word' id='word_1_67' title='bbox 185 1005 358 1062; x_wconf 81' lang='lat' dir='ltr'><strong>mendicum:</strong></span> <span class='ocrx_word' id='word_1_68' title='bbox 380 1010 440 1061; x_wconf 88' lang='lat' dir='ltr'><strong>tum</strong></span> <span class='ocrx_word' id='word_1_69' title='bbox 457 1007 544 1077; x_wconf 83' lang='lat' dir='ltr'><strong>ipsam</strong></span> <span class='ocrx_word' id='word_1_70' title='bbox 562 1007 715 1077; x_wconf 71' lang='lat' dir='ltr'><strong>dtspoiiare</strong></span> <span class='ocrx_word' id='word_1_71' title='bbox 730 1010 784 1063; x_wconf 85' lang='lat' dir='ltr'><strong>ntn</strong></span> <span class='ocrx_word' id='word_1_72' title='bbox 802 1009 886 1066; x_wconf 92' lang='lat' dir='ltr'><strong>lubet.</strong></span> 
     </span>
     <span class='ocr_line' id='line_1_11' title="bbox 185 1085 961 1159; baseline 0.003 -13"><span class='ocrx_word' id='word_1_73' title='bbox 185 1085 241 1146; x_wconf 70' lang='lat' dir='ltr'><strong>Mn.</strong></span> <span class='ocrx_word' id='word_1_74' title='bbox 261 1104 277 1141; x_wconf 94' lang='lat'>0</span> <span class='ocrx_word' id='word_1_75' title='bbox 295 1090 408 1158; x_wconf 78' lang='lat' dir='ltr'><strong>tptume</strong></span> <span class='ocrx_word' id='word_1_76' title='bbox 424 1088 530 1159; x_wconf 78' lang='lat' dir='ltr'>hospes,</span> <span class='ocrx_word' id='word_1_77' title='bbox 548 1089 593 1158; x_wconf 86' lang='lat' dir='ltr'><strong>ptl</strong></span> <span class='ocrx_word' id='word_1_78' title='bbox 611 1089 688 1144; x_wconf 79' lang='lat' dir='ltr'><strong>Crito</strong></span> <span class='ocrx_word' id='word_1_79' title='bbox 706 1091 827 1145; x_wconf 81' lang='lat' dir='ltr'><strong>anticum</strong></span> <span class='ocrx_word' id='word_1_80' title='bbox 844 1091 961 1148; x_wconf 80' lang='lat' dir='ltr'><strong>tbtinea</strong></span> 
     </span>
     <span class='ocr_line' id='line_1_12' title="bbox 186 1165 1036 1240; baseline 0.012 -20"><span class='ocrx_word' id='word_1_81' title='bbox 186 1165 236 1221; x_wconf 78' lang='lat' dir='ltr'><strong>On</strong></span> <span class='ocrx_word' id='word_1_82' title='bbox 265 1166 318 1223; x_wconf 87' lang='lat' dir='ltr'><strong>dne</strong></span> <span class='ocrx_word' id='word_1_83' title='bbox 342 1185 386 1223; x_wconf 91' lang='lat' dir='ltr'><strong>me</strong></span> <span class='ocrx_word' id='word_1_84' title='bbox 409 1168 446 1224; x_wconf 75' lang='lat' dir='ltr'><strong>td</strong></span> <span class='ocrx_word' id='word_1_85' title='bbox 469 1184 537 1236; x_wconf 90' lang='lat' dir='ltr'><strong>eam,</strong></span> <span class='ocrx_word' id='word_1_86' title='bbox 561 1168 671 1239; x_wconf 87' lang='lat' dir='ltr'><strong>quando</strong></span> <span class='ocrx_word' id='word_1_87' title='bbox 694 1168 747 1224; x_wconf 88' lang='lat' dir='ltr'><strong>hue</strong></span> <span class='ocrx_word' id='word_1_88' title='bbox 772 1172 840 1240; x_wconf 72' lang='lat' dir='ltr'><strong>veni,</strong></span> <span class='ocrx_word' id='word_1_89' title='bbox 864 1177 897 1228; x_wconf 92' lang='lat' dir='ltr'><strong>ut</strong></span> <span class='ocrx_word' id='word_1_90' title='bbox 920 1174 1036 1230; x_wconf 77' lang='lat' dir='ltr'><strong>videam</strong></span> 
     </span>
     <span class='ocr_line' id='line_1_13' title="bbox 752 1251 963 1310; baseline 0.019 -4"><span class='ocrx_word' id='word_1_91' title='bbox 752 1251 808 1307; x_wconf 79' lang='lat' dir='ltr'><strong>Mn.</strong></span> <span class='ocrx_word' id='word_1_92' title='bbox 827 1254 963 1310; x_wconf 75' lang='lat' dir='ltr'><strong>maxume</strong></span> 
     </span>
     <span class='ocr_line' id='line_1_14' title="bbox 186 1330 1014 1403; baseline 0.005 -14"><span class='ocrx_word' id='word_1_93' title='bbox 186 1333 238 1389; x_wconf 71' lang='lat' dir='ltr'><strong>Da„</strong></span> <span class='ocrx_word' id='word_1_94' title='bbox 255 1348 355 1403; x_wconf 88' lang='lat' dir='ltr'><strong>sequar</strong></span> <span class='ocrx_word' id='word_1_95' title='bbox 365 1331 430 1389; x_wconf 82' lang='lat' dir='ltr'><strong>hts:</strong></span> <span class='ocrx_word' id='word_1_96' title='bbox 448 1331 511 1385; x_wconf 86' lang='lat' dir='ltr'><strong>nelo</strong></span> <span class='ocrx_word' id='word_1_97' title='bbox 522 1347 567 1386; x_wconf 88' lang='lat' dir='ltr'><strong>me</strong></span> <span class='ocrx_word' id='word_1_98' title='bbox 578 1330 606 1386; x_wconf 93' lang='lat' dir='ltr'><strong>in</strong></span> <span class='ocrx_word' id='word_1_99' title='bbox 618 1332 742 1401; x_wconf 75' lang='lat' dir='ltr'><strong>tempere</strong></span> <span class='ocrx_word' id='word_1_100' title='bbox 753 1332 805 1388; x_wconf 87' lang='lat' dir='ltr'><strong>hoe</strong></span> <span class='ocrx_word' id='word_1_101' title='bbox 815 1333 911 1391; x_wconf 75' lang='lat' dir='ltr'><strong>videat</strong></span> <span class='ocrx_word' id='word_1_102' title='bbox 923 1352 1014 1394; x_wconf 72' lang='lat' dir='ltr'><strong>senen</strong></span> 
     </span>
    </p>
   </div>
   <div class='ocr_carea' id='block_1_3' title="bbox 440 1615 782 1627">
    <p class='ocr_par' dir='ltr' id='par_1_3' title="bbox 440 1615 782 1627">
     <span class='ocr_line' id='line_1_15' title="bbox 440 1615 782 1627; baseline 0.006 -3"><span class='ocrx_word' id='word_1_103' title='bbox 440 1615 782 1627; x_wconf 80' lang='lat'><strong>——-----—-·--.-—-.</strong></span> 
     </span>
    </p>
   </div>
   <div class='ocr_carea' id='block_1_4' title="bbox 500 1847 717 1916">
    <p class='ocr_par' dir='ltr' id='par_1_4' title="bbox 500 1847 717 1916">
     <span class='ocr_line' id='line_1_16' title="bbox 500 1847 717 1916; baseline 0.005 -2"><span class='ocrx_word' id='word_1_104' title='bbox 500 1847 649 1915; x_wconf 83' lang='lat' dir='ltr'>AOTVS</span> <span class='ocrx_word' id='word_1_105' title='bbox 677 1849 717 1916; x_wconf 86' lang='lat' dir='ltr'><strong>V.</strong></span> 
     </span>
    </p>
   </div>
   <div class='ocr_carea' id='block_1_5' title="bbox 476 2025 741 2083">
    <p class='ocr_par' dir='ltr' id='par_1_5' title="bbox 476 2025 741 2083">
     <span class='ocr_line' id='line_1_17' title="bbox 476 2025 741 2083; baseline 0.008 -2"><span class='ocrx_word' id='word_1_106' title='bbox 476 2025 624 2083; x_wconf 78' lang='lat' dir='ltr'><strong>Onnnnns.</strong></span> <span class='ocrx_word' id='word_1_107' title='bbox 661 2027 741 2083; x_wconf 79' lang='lat' dir='ltr'>Smo.</span> 
     </span>
    </p>
   </div>
   <div class='ocr_carea' id='block_1_6' title="bbox 126 2139 1045 3583">
    <p class='ocr_par' dir='ltr' id='par_1_6' title="bbox 126 2139 1045 3583">
     <span class='ocr_line' id='line_1_18' title="bbox 126 2139 1041 2213; baseline 0.003 -20"><span class='ocrx_word' id='word_1_108' title='bbox 126 2139 154 2193; x_wconf 86' lang='lat' dir='ltr'><strong>V</strong></span> <span class='ocrx_word' id='word_1_109' title='bbox 168 2155 177 2194; x_wconf 84' lang='grc' dir='ltr'>ι</span> <span class='ocrx_word' id='word_1_110' title='bbox 191 2139 241 2196; x_wconf 78' lang='lat' dir='ltr'><strong>cn</strong></span> <span class='ocrx_word' id='word_1_111' title='bbox 260 2140 334 2196; x_wconf 71' lang='lat' dir='ltr'><strong>satis</strong></span> <span class='ocrx_word' id='word_1_112' title='bbox 350 2141 404 2196; x_wconf 85' lang='lat' dir='ltr'><strong>iam</strong></span> <span class='ocrx_word' id='word_1_113' title='bbox 425 2140 500 2209; x_wconf 90' lang='lat' dir='ltr'><strong>satis,</strong></span> <span class='ocrx_word' id='word_1_114' title='bbox 519 2141 738 2213; x_wconf 66' lang='lat' dir='ltr'><strong>§inaspectae</strong></span> <span class='ocrx_word' id='word_1_115' title='bbox 757 2142 823 2211; x_wconf 74' lang='lat' dir='ltr'><strong>erga</strong></span> <span class='ocrx_word' id='word_1_116' title='bbox 843 2144 873 2197; x_wconf 88' lang='lat' dir='ltr'><strong>te</strong></span> <span class='ocrx_word' id='word_1_117' title='bbox 890 2140 1041 2196; x_wconf 79' lang='lat' dir='ltr'><strong>amicititst</strong></span> 
     </span>
     <span class='ocr_line' id='line_1_19' title="bbox 759 2227 1041 2279; baseline -0.007 -2"><span class='ocrx_word' id='word_1_118' title='bbox 759 2239 836 2277; x_wconf 88' lang='lat' dir='ltr'><strong>mea:</strong></span> <span class='ocrx_word' id='word_1_119' title='bbox 987 2227 1041 2279; x_wconf 76' lang='lat'><strong>820</strong></span> 
     </span>
     <span class='ocr_line' id='line_1_20' title="bbox 188 2302 953 2374; baseline -0.001 -16"><span class='ocrx_word' id='word_1_120' title='bbox 188 2302 256 2358; x_wconf 74' lang='lat' dir='ltr'><strong>satis</strong></span> <span class='ocrx_word' id='word_1_121' title='bbox 274 2302 369 2374; x_wconf 85' lang='lat' dir='ltr'><strong>pericli</strong></span> <span class='ocrx_word' id='word_1_122' title='bbox 386 2304 475 2374; x_wconf 78' lang='lat' dir='ltr'><strong>inetpi</strong></span> <span class='ocrx_word' id='word_1_123' title='bbox 492 2305 584 2360; x_wconf 87' lang='lat' dir='ltr'><strong>adire:</strong></span> <span class='ocrx_word' id='word_1_124' title='bbox 602 2304 699 2360; x_wconf 80' lang='lat' dir='ltr'><strong>ortndi</strong></span> <span class='ocrx_word' id='word_1_125' title='bbox 715 2304 771 2358; x_wconf 89' lang='lat' dir='ltr'><strong>iam</strong></span> <span class='ocrx_word' id='word_1_126' title='bbox 787 2304 868 2358; x_wconf 73' lang='lat' dir='ltr'><strong>tintm</strong></span> <span class='ocrx_word' id='word_1_127' title='bbox 884 2302 953 2358; x_wconf 78' lang='lat' dir='ltr'><strong>face.</strong></span> 
     </span>
     <span class='ocr_line' id='line_1_21' title="bbox 189 2383 989 2455; baseline -0.003 -16"><span class='ocrx_word' id='word_1_128' title='bbox 189 2384 256 2439; x_wconf 78' lang='lat' dir='ltr'><strong>dim</strong></span> <span class='ocrx_word' id='word_1_129' title='bbox 272 2384 372 2440; x_wconf 83' lang='lat' dir='ltr'><strong>studeo</strong></span> <span class='ocrx_word' id='word_1_130' title='bbox 389 2385 504 2455; x_wconf 77' lang='lat' dir='ltr'><strong>obsequi</strong></span> <span class='ocrx_word' id='word_1_131' title='bbox 521 2386 580 2454; x_wconf 89' lang='lat' dir='ltr'><strong>tibi,</strong></span> <span class='ocrx_word' id='word_1_132' title='bbox 598 2402 684 2453; x_wconf 86' lang='lat' dir='ltr'><strong>paene</strong></span> <span class='ocrx_word' id='word_1_133' title='bbox 702 2383 783 2438; x_wconf 76' lang='lat' dir='ltr'><strong>inlisi</strong></span> <span class='ocrx_word' id='word_1_134' title='bbox 800 2384 885 2438; x_wconf 87' lang='lat' dir='ltr'><strong>vitam</strong></span> <span class='ocrx_word' id='word_1_135' title='bbox 902 2383 989 2437; x_wconf 80' lang='lat' dir='ltr'><strong>filiae.</strong></span> 
     </span>
     <span class='ocr_line' id='line_1_22' title="bbox 190 2463 1041 2535; baseline -0.001 -16"><span class='ocrx_word' id='word_1_136' title='bbox 190 2465 228 2520; x_wconf 76' lang='lat' dir='ltr'><strong>Sl.</strong></span> <span class='ocrx_word' id='word_1_137' title='bbox 252 2465 337 2519; x_wconf 87' lang='lat' dir='ltr'><strong>imme</strong></span> <span class='ocrx_word' id='word_1_138' title='bbox 360 2465 433 2519; x_wconf 91' lang='lat' dir='ltr'><strong>enim</strong></span> <span class='ocrx_word' id='word_1_139' title='bbox 456 2482 528 2520; x_wconf 88' lang='lat' dir='ltr'><strong>nune</strong></span> <span class='ocrx_word' id='word_1_140' title='bbox 551 2483 633 2535; x_wconf 90' lang='lat' dir='ltr'><strong>quom</strong></span> <span class='ocrx_word' id='word_1_141' title='bbox 656 2466 786 2520; x_wconf 74' lang='lat' dir='ltr'><strong>maxume</strong></span> <span class='ocrx_word' id='word_1_142' title='bbox 809 2464 908 2520; x_wconf 85' lang='lat' dir='ltr'><strong>abste</strong></span> <span class='ocrx_word' id='word_1_143' title='bbox 928 2463 1041 2534; x_wconf 82' lang='lat' dir='ltr'><strong>ptstulo</strong></span> 
     </span>
     <span class='ocr_line' id='line_1_23' title="bbox 729 2544 1037 2616; baseline -0.006 -14"><span class='ocrx_word' id='word_1_144' title='bbox 729 2549 816 2616; x_wconf 86' lang='lat' dir='ltr'><strong>atque</strong></span> <span class='ocrx_word' id='word_1_145' title='bbox 828 2547 883 2615; x_wconf 79' lang='lat' dir='ltr'><strong>nrt,</strong></span> <span class='ocrx_word' id='word_1_146' title='bbox 895 2544 1037 2612; x_wconf 78' lang='lat' dir='ltr'><strong>Obramoa,</strong></span> 
     </span>
     <span class='ocr_line' id='line_1_24' title="bbox 165 2626 1042 2684; baseline -0.005 -1"><span class='ocrx_word' id='word_1_147' title='bbox 165 2629 223 2683; x_wconf 72' lang='lat' dir='ltr'><strong>stit</strong></span> <span class='ocrx_word' id='word_1_148' title='bbox 251 2627 414 2683; x_wconf 83' lang='lat' dir='ltr'><strong>beneficium</strong></span> <span class='ocrx_word' id='word_1_149' title='bbox 437 2629 528 2684; x_wconf 76' lang='lat' dir='ltr'><strong>vtrbis</strong></span> <span class='ocrx_word' id='word_1_150' title='bbox 556 2629 654 2684; x_wconf 90' lang='lat' dir='ltr'><strong>initum</strong></span> <span class='ocrx_word' id='word_1_151' title='bbox 678 2629 784 2684; x_wconf 84' lang='lat' dir='ltr'><strong>didum</strong></span> <span class='ocrx_word' id='word_1_152' title='bbox 813 2643 885 2683; x_wconf 86' lang='lat' dir='ltr'><strong>nune</strong></span> <span class='ocrx_word' id='word_1_153' title='bbox 909 2641 942 2680; x_wconf 86' lang='lat' dir='ltr'><strong>re</strong></span> <span class='ocrx_word' id='word_1_154' title='bbox 968 2626 1042 2680; x_wconf 83' lang='lat' dir='ltr'><strong>atm-</strong></span> 
     </span>
     <span class='ocr_line' id='line_1_25' title="bbox 758 2708 865 2778; baseline -0.009 -16"><span class='ocrx_word' id='word_1_155' title='bbox 758 2708 865 2778; x_wconf 82' lang='lat' dir='ltr'><strong>prebes.</strong></span> 
     </span>
     <span class='ocr_line' id='line_1_26' title="bbox 188 2786 1043 2860; baseline 0 -16"><span class='ocrx_word' id='word_1_156' title='bbox 188 2789 242 2845; x_wconf 78' lang='lat' dir='ltr'><strong>On.</strong></span> <span class='ocrx_word' id='word_1_157' title='bbox 260 2787 325 2843; x_wconf 81' lang='lat' dir='ltr'><strong>vide</strong></span> <span class='ocrx_word' id='word_1_158' title='bbox 336 2804 418 2858; x_wconf 89' lang='lat' dir='ltr'><strong>quam</strong></span> <span class='ocrx_word' id='word_1_159' title='bbox 430 2787 538 2859; x_wconf 87' lang='lat' dir='ltr'><strong>iniquos</strong></span> <span class='ocrx_word' id='word_1_160' title='bbox 549 2789 589 2843; x_wconf 85' lang='lat' dir='ltr'><strong>sis</strong></span> <span class='ocrx_word' id='word_1_161' title='bbox 606 2805 673 2860; x_wconf 88' lang='lat' dir='ltr'><strong>prae</strong></span> <span class='ocrx_word' id='word_1_162' title='bbox 688 2788 796 2844; x_wconf 85' lang='lat' dir='ltr'><strong>studio:</strong></span> <span class='ocrx_word' id='word_1_163' title='bbox 815 2788 882 2842; x_wconf 78' lang='lat' dir='ltr'><strong>dim</strong></span> <span class='ocrx_word' id='word_1_164' title='bbox 897 2786 928 2842; x_wconf 87' lang='lat' dir='ltr'><strong>id</strong></span> <span class='ocrx_word' id='word_1_165' title='bbox 940 2788 1043 2844; x_wconf 82' lang='lat' dir='ltr'><strong>efficias</strong></span> 
     </span>
     <span class='ocr_line' id='line_1_27' title="bbox 758 2867 1042 2938; baseline 0.011 -16"><span class='ocrx_word' id='word_1_166' title='bbox 758 2867 833 2938; x_wconf 84' lang='lat' dir='ltr'><strong>qutd</strong></span> <span class='ocrx_word' id='word_1_167' title='bbox 849 2867 934 2938; x_wconf 80' lang='lat' dir='ltr'><strong>cupis,</strong></span> <span class='ocrx_word' id='word_1_168' title='bbox 987 2874 1042 2925; x_wconf 77' lang='lat'><strong>825</strong></span> 
     </span>
     <span class='ocr_line' id='line_1_28' title="bbox 189 2948 1044 3021; baseline 0 -15"><span class='ocrx_word' id='word_1_169' title='bbox 189 2952 278 3021; x_wconf 78' lang='lat' dir='ltr'><strong>neque</strong></span> <span class='ocrx_word' id='word_1_170' title='bbox 289 2949 401 3004; x_wconf 84' lang='lat' dir='ltr'><strong>medum</strong></span> <span class='ocrx_word' id='word_1_171' title='bbox 412 2948 590 3018; x_wconf 80' lang='lat' dir='ltr'><strong>benignitatis</strong></span> <span class='ocrx_word' id='word_1_172' title='bbox 608 2951 697 3020; x_wconf 74' lang='lat' dir='ltr'><strong>ntque</strong></span> <span class='ocrx_word' id='word_1_173' title='bbox 709 2949 777 3018; x_wconf 87' lang='lat' dir='ltr'><strong>quid</strong></span> <span class='ocrx_word' id='word_1_174' title='bbox 786 2965 831 3003; x_wconf 91' lang='lat' dir='ltr'><strong>me</strong></span> <span class='ocrx_word' id='word_1_175' title='bbox 842 2965 906 3004; x_wconf 88' lang='lat' dir='ltr'><strong>eres</strong></span> <span class='ocrx_word' id='word_1_176' title='bbox 921 2948 1044 3018; x_wconf 79' lang='lat' dir='ltr'><strong>etgitas:</strong></span> 
     </span>
     <span class='ocr_line' id='line_1_29' title="bbox 189 3030 964 3101; baseline -0.001 -14"><span class='ocrx_word' id='word_1_177' title='bbox 189 3035 253 3088; x_wconf 78' lang='lat' dir='ltr'><strong>nam</strong></span> <span class='ocrx_word' id='word_1_178' title='bbox 270 3033 293 3086; x_wconf 88' lang='lat' dir='ltr'><strong>si</strong></span> <span class='ocrx_word' id='word_1_179' title='bbox 310 3032 419 3101; x_wconf 76' lang='lat' dir='ltr'><strong>cogites,</strong></span> <span class='ocrx_word' id='word_1_180' title='bbox 437 3031 564 3086; x_wconf 78' lang='lat' dir='ltr'><strong>remittas</strong></span> <span class='ocrx_word' id='word_1_181' title='bbox 582 3032 636 3086; x_wconf 77' lang='lat' dir='ltr'><strong>itm</strong></span> <span class='ocrx_word' id='word_1_182' title='bbox 655 3049 699 3087; x_wconf 93' lang='lat' dir='ltr'><strong>me</strong></span> <span class='ocrx_word' id='word_1_183' title='bbox 717 3047 830 3086; x_wconf 88' lang='lat' dir='ltr'><strong>onerare</strong></span> <span class='ocrx_word' id='word_1_184' title='bbox 847 3030 964 3086; x_wconf 70' lang='lat' dir='ltr'><strong>initiriia</strong></span> 
     </span>
     <span class='ocr_line' id='line_1_30' title="bbox 190 3110 1044 3183; baseline -0.001 -15"><span class='ocrx_word' id='word_1_185' title='bbox 190 3113 227 3169; x_wconf 80' lang='lat' dir='ltr'><strong>Sa</strong></span> <span class='ocrx_word' id='word_1_186' title='bbox 245 3112 366 3183; x_wconf 76' lang='lat' dir='ltr'><strong>quibust</strong></span> <span class='ocrx_word' id='word_1_187' title='bbox 402 3111 453 3168; x_wconf 70' lang='lat' dir='ltr'><strong>Oia</strong></span> <span class='ocrx_word' id='word_1_188' title='bbox 472 3115 502 3166; x_wconf 88' lang='lat' dir='ltr'><strong>at</strong></span> <span class='ocrx_word' id='word_1_189' title='bbox 518 3111 643 3181; x_wconf 65' lang='lat' dir='ltr'><strong>rogitas?</strong></span> <span class='ocrx_word' id='word_1_190' title='bbox 660 3111 802 3181; x_wconf 77' lang='lat' dir='ltr'><strong>perpulisti</strong></span> <span class='ocrx_word' id='word_1_191' title='bbox 821 3127 874 3180; x_wconf 87' lang='lat' dir='ltr'><strong>me,</strong></span> <span class='ocrx_word' id='word_1_192' title='bbox 886 3110 919 3166; x_wconf 75' lang='lat' dir='ltr'><strong>tt</strong></span> <span class='ocrx_word' id='word_1_193' title='bbox 936 3110 1044 3167; x_wconf 89' lang='lat' dir='ltr'><strong>homini</strong></span> 
     </span>
     <span class='ocr_line' id='line_1_31' title="bbox 758 3191 965 3247; baseline 0.01 -2"><span class='ocrx_word' id='word_1_194' title='bbox 758 3191 965 3247; x_wconf 79' lang='lat' dir='ltr'><strong>adulesetntulo</strong></span> 
     </span>
     <span class='ocr_line' id='line_1_32' title="bbox 158 3272 950 3344; baseline -0.004 -14"><span class='ocrx_word' id='word_1_195' title='bbox 158 3294 180 3334; x_wconf 83' lang='grc' dir='ltr'><strong>ιο</strong></span> <span class='ocrx_word' id='word_1_196' title='bbox 191 3276 220 3330; x_wconf 88' lang='lat' dir='ltr'><strong>in</strong></span> <span class='ocrx_word' id='word_1_197' title='bbox 236 3274 290 3329; x_wconf 88' lang='lat' dir='ltr'><strong>alio</strong></span> <span class='ocrx_word' id='word_1_198' title='bbox 305 3273 439 3344; x_wconf 73' lang='lat' dir='ltr'><strong>occupate</strong></span> <span class='ocrx_word' id='word_1_199' title='bbox 455 3289 555 3341; x_wconf 84' lang='lat' dir='ltr'><strong>amere,</strong></span> <span class='ocrx_word' id='word_1_200' title='bbox 573 3273 730 3334; x_wconf 83' lang='lat' dir='ltr'><strong>abhtrrenti</strong></span> <span class='ocrx_word' id='word_1_201' title='bbox 747 3274 782 3328; x_wconf 90' lang='lat' dir='ltr'><strong>ab</strong></span> <span class='ocrx_word' id='word_1_202' title='bbox 799 3289 831 3328; x_wconf 89' lang='lat' dir='ltr'><strong>re</strong></span> <span class='ocrx_word' id='word_1_203' title='bbox 846 3272 950 3342; x_wconf 70' lang='lat' dir='ltr'><strong>extrita,</strong></span> 
     </span>
     <span class='ocr_line' id='line_1_33' title="bbox 189 3353 1045 3426; baseline -0.004 -15"><span class='ocrx_word' id='word_1_204' title='bbox 189 3356 278 3411; x_wconf 84' lang='lat' dir='ltr'><strong>tiliam</strong></span> <span class='ocrx_word' id='word_1_205' title='bbox 294 3359 327 3410; x_wconf 91' lang='lat' dir='ltr'><strong>ut</strong></span> <span class='ocrx_word' id='word_1_206' title='bbox 344 3355 439 3410; x_wconf 86' lang='lat' dir='ltr'><strong>darem</strong></span> <span class='ocrx_word' id='word_1_207' title='bbox 456 3355 487 3408; x_wconf 87' lang='lat' dir='ltr'><strong>in</strong></span> <span class='ocrx_word' id='word_1_208' title='bbox 505 3353 669 3409; x_wconf 72' lang='lat' dir='ltr'><strong>seditionem</strong></span> <span class='ocrx_word' id='word_1_209' title='bbox 687 3355 772 3424; x_wconf 79' lang='lat' dir='ltr'><strong>ttqne</strong></span> <span class='ocrx_word' id='word_1_210' title='bbox 789 3353 818 3408; x_wconf 92' lang='lat' dir='ltr'><strong>in</strong></span> <span class='ocrx_word' id='word_1_211' title='bbox 838 3353 958 3410; x_wconf 79' lang='lat' dir='ltr'><strong>insertas</strong></span> <span class='ocrx_word' id='word_1_212' title='bbox 974 3354 1045 3426; x_wconf 64' lang='lat' dir='ltr'><strong>ntp</strong></span> 
     </span>
     <span class='ocr_line' id='line_1_34' title="bbox 192 3488 1045 3583; baseline 0 -13"><span class='ocrx_word' id='word_1_213' title='bbox 192 3515 252 3570; x_wconf 88' lang='lat' dir='ltr'><strong>eius</strong></span> <span class='ocrx_word' id='word_1_214' title='bbox 269 3513 362 3570; x_wconf 82' lang='lat' dir='ltr'><strong>labore</strong></span> <span class='ocrx_word' id='word_1_215' title='bbox 379 3517 463 3583; x_wconf 85' lang='lat' dir='ltr'><strong>atque</strong></span> <span class='ocrx_word' id='word_1_216' title='bbox 481 3514 540 3568; x_wconf 84' lang='lat' dir='ltr'><strong>eius</strong></span> <span class='ocrx_word' id='word_1_217' title='bbox 558 3512 651 3568; x_wconf 88' lang='lat' dir='ltr'><strong>dolere</strong></span> <span class='ocrx_word' id='word_1_218' title='bbox 667 3488 752 3582; x_wconf 64' lang='lat' dir='ltr'><strong>gnita</strong></span> <span class='ocrx_word' id='word_1_219' title='bbox 767 3516 799 3567; x_wconf 89' lang='lat' dir='ltr'><strong>ut</strong></span> <span class='ocrx_word' id='word_1_220' title='bbox 812 3511 964 3571; x_wconf 70' lang='lat' dir='ltr'><strong>medieartr</strong></span> <span class='ocrx_word' id='word_1_221' title='bbox 980 3517 1045 3570; x_wconf 85' lang='lat' dir='ltr'><strong>tuo:</strong></span> 
     </span>
    </p>
   </div>
   <div class='ocr_carea' id='block_1_7' title="bbox 0 0 1170 4050">
    <p class='ocr_par' dir='ltr' id='par_1_7' title="bbox 0 0 1170 4050">
     <span class='ocr_line' id='line_1_35' title="bbox 0 0 1170 4050; baseline 0 0"><span class='ocrx_word' id='word_1_222' title='bbox 0 0 1170 4050; x_wconf 95' lang='lat' dir='ltr'><strong> </strong></span> 
     </span>
    </p>
   </div>
  </div>
 </body>
</html>
