2310 4050
163 246 245 312 1113,
257 249 377 312 ata-47]
410 250 551 301 HAVTON
569 248 833 302 TIMOBVMENOS.
979 249 1027 300 141

164 364 212 423 abi
231 364 446 422 deambulatum
482 367 530 423 Οιι.
554 366 770 435 deambulatum,
787 368 860 438 qudi
895 367 940 423 SY.
965 367 1028 437 vah,

720 447 800 516 quasi
819 447 893 502 desit
910 445 993 502 loeus.

166 527 214 584 abi
226 527 294 583 edne
306 527 384 593 istae
395 527 531 594 ietdrsum,
544 527 648 595 quovis.
680 529 731 584 Οιι
750 530 825 583 rtete
838 529 913 598 dicit,
922 530 1028 584 censeo.
1073 544 1076 550 ’

167 609 216 666 Οι.
243 607 273 662 di
291 612 320 663 te
341 608 490 677 eradicent,
508 607 557 677 qui
574 624 619 663 me
637 607 701 664 hine
718 608 854 678 extrudis,
873 609 948 678 Syre.

167 689 214 744 SY.
240 692 271 744 at
281 688 314 744 td
327 688 372 758 poi
380 688 432 743 tibi
444 690 511 743 istas
522 689 637 758 ptsthae
648 690 822 758 comprimit6
836 706 941 744 manus.
978 693 1031 744 590

131 787 154 826 ae
167 771 269 826 censen
304 772 386 826 verni
427 771 497 840 quid
531 771 609 825 illum
644 789 726 842 porro
762 773 850 828 eredis
884 772 1030 841 faeturdm

719 855 859 923 Chremen,

167 932 224 989 nisi
248 949 321 1002 enm,
344 939 478 1004 qnantum
496 934 550 991 tibi
566 936 626 1004 opis
645 936 674 991 di
698 936 774 1005 dant
799 938 891 991 strvas
908 936 1028 1005 eastigts

724 1020 836 1073 mones?

169 1097 224 1163 Οιι
249 1097 300 1167 ego
316 1097 387 1154 istuc
404 1096 511 1154 mrabo.
555 1097 600 1152 SY.
626 1097 705 1167 [atqui
722 1115 803 1167 nune,
822 1115 878 1166 ere,
895 1097 950 1153 tibi
968 1098 1032 1153 istie

720 1181 910 1235 adservandue
929 1184 978 1235 est.

170 1262 226 1319 Οιι.
248 1260 312 1316 fiet
343 1262 387 1317 SY.
407 1260 432 1316 si
449 1260 555 1331 sapide:
578 1278 644 1316 nam
661 1262 729 1316 mihi
746 1263 802 1317 iam
819 1263 911 1317 minus
928 1263 1032 1316 minus·

727 1361 782 1414 que
799 1345 981 1415 obtemperat.

171 1426 226 1483 ΟΥ.
251 1422 322 1496 quid
338 1425 387 1480 tut
419 1423 519 1493 etquid
537 1424 573 1480 de
592 1424 638 1480 iile
656 1424 732 1495 quod
749 1424 856 1478 dudum
877 1427 969 1480 tecum
986 1425 1032 1494 egi

722 1506 811 1574 egisti,
831 1506 917 1575 Syrei
981 1511 1032 1563 596

132 1603 158 1642 ιι
172 1587 322 1658 repperisti
338 1587 392 1642 ιιΊιί
410 1588 485 1659 qnod
502 1587 613 1658 placeat
630 1588 665 1642 an
683 1590 755 1642 nont
799 1588 843 1643 SY
868 1588 904 1643 de
923 1587 1035 1644 fallacia

170 1669 264 1725 dieiei
288 1668 341 1724 sie:
359 1668 710 1775 invtninuperqutndam.
747 1669 799 1724 Οιι.
816 1670 888 1739 frugi
907 1687 944 1726 es
967 1669 1035 1728 cedo

729 1749 798 1818 quid
815 1751 876 1805 esti

172 1835 219 1892 SY.
244 1833 343 1902 dicam,
361 1849 457 1889 verum
474 1835 508 1889 ut
525 1832 601 1889 tliud
618 1849 654 1888 ex
671 1831 725 1887 aiio
743 1832 848 1888 incidit
886 1832 1033 1901 enquid

729 1915 802 1982 nem,
821 1915 906 1984 Syret

173 1996 220 2053 SY.
241 1996 369 2066 pessuma
384 1994 453 2052 haee
469 2000 513 2051 est
530 1994 670 2051 meretrix.
707 1995 759 2050 ΟΥ.
782 1995 824 2050 ita
843 1994 959 2050 videtur.
989 1994 1036 2058 SY
1055 2050 1058 2055 ,

733 2076 819 2130 immo
837 2077 862 2131 si
880 2077 966 2132 seiae:

173 2160 237 2231 vah,
260 2159 327 2216 vide
349 2158 426 2230 quod
445 2159 570 2228 inceptat
595 2157 707 2215 facinus
730 2158 787 2212 fuit
807 2159 944 2228 quaedam
968 2173 1038 2212 anus

731 2239 889 2296 Corinthia:
986 2246 1037 2296 600

138 2323 257 2381 mhuiee
281 2321 497 2379 drachumamm
519 2321 588 2376 hate
611 2319 721 2389 argenti
744 2320 820 2375 mille
844 2319 964 2377 dederat
980 2321 1039 2374 md-

727 2405 812 2457 tuom.

176 2488 231 2545 ΟΕ
251 2485 411 2556 quidtumt
441 2484 488 2540 SY
510 2499 544 2538 ea
561 2483 716 2538 mortuast:
740 2481 854 2551 reliquit
868 2482 959 2538 filiam
972 2481 1039 2539 adu·

732 2562 920 2619 lescentulam.

176 2649 211 2706 ea
226 2646 326 2703 relicta
342 2646 406 2702 huic
423 2643 579 2701 trrabomst
599 2660 651 2714 pro
671 2643 719 2697 illo
742 2648 866 2712 argento.
913 2644 967 2698 ΟΥ
1000 2643 1040 2696 in·

732 2724 841 2793 teliege.

177 2811 226 2868 SY.
249 2809 321 2866 htne
339 2823 432 2864 seeum
448 2806 504 2862 hue
526 2805 654 2875 adduxit,
672 2822 705 2861 ea
723 2822 794 2874 quae
815 2809 858 2860 ent
846 2804 948 2860 tndne
965 2798 1040 2874 apud

730 2887 846 2940 uxorem
864 2890 948 2940 tuam.

178 2973 235 3031 Cn.
257 2971 328 3045 quid
339 2971 417 3028 tum?
443 2970 490 3028 SY.
515 2968 632 3024 Cliniam
645 2966 833 3035 transmutet
849 2966 879 3020 id
892 2967 964 3021 nime
977 2965 1040 3021 det:

702 3048 778 3102 illam
795 3047 835 3101 illi
852 3051 946 3110 tamen
989 3052 1040 3102 605

141 3158 167 3199 45
179 3137 246 3210 pest
263 3133 407 3190 daturam:
431 3131 508 3188 mille
524 3147 667 3186 nummum
685 3128 781 3199 pdscit
818 3126 871 3182 Οιι
902 3129 932 3181 et
951 3126 1042 3196 poscit

736 3208 866 3276 quidemt
897 3207 947 3262 S.Y
966 3205 1023 3275 hui,

179 3298 300 3355 dubium
312 3295 342 3351 id
354 3296 415 3352 esti
435 3310 487 3364 ego
499 3289 672 3363 sie†putavi.
709 3290 767 3426 Οιιό
782 3288 860 3427 quma
868 3306 941 3345 nune
952 3289 1042 3343 faeere

737 3388 751 3426 c
767 3373 842 3441 gitas

182 3467 228 3522 SY.
247 3461 354 3533 egone?
369 3460 406 3515 ad
424 3457 621 3515 Menedemum
638 3455 704 3510 ibo:
723 3452 813 3507 dicam
827 3451 897 3506 hane
910 3452 969 3507 dese
981 3468 1044 3524 eap-

737 3539 794 3590 tam
813 3551 848 3590 ex
866 3535 956 3603 Catia,
