2310 4050
188 253 236 303 loo
292 246 299 261 ’
511 252 541 303 P.
559 252 712 304 TERENTI
846 252 924 316 [1qu
935 251 1033 306 ssei-eta

188 384 258 437 quae
274 368 320 428 hie
344 370 438 425 eumue
458 369 550 427 locuti
598 369 694 439 Clinia,
712 368 794 425 aliter
817 368 898 425 tirom
921 384 1036 424 amorem

744 456 830 521 atque
847 454 891 506 eet
909 450 1023 522 eooipis:

186 549 250 587 nam
262 536 292 588 et
303 533 390 588 vitant
403 533 501 589 eadem
516 538 547 589 et
562 535 669 589 enimus
681 537 711 589 te
725 549 792 603 erga
807 532 883 589 idem
898 534 932 589 ee
946 533 1005 602 fnit,

151 633 175 672 25
187 617 321 683 quantum
340 614 373 669 ex
390 614 450 683 ipsa
466 631 497 669 re
515 615 700 670 eeniecturam
718 615 838 670 fecimus.
990 618 1036 668 266

187 693 266 749 01110.
293 693 360 762 quid
380 696 424 748 est
443 693 573 750 ebsecro?
605 713 670 751 uam
694 695 764 751 mihi
789 712 863 752 nuno
885 697 927 752 nil
949 712 1036 752 rernm

508 837 513 845 Α
737 779 886 834 emniumst

186 855 260 925 quod
278 854 371 909 melim
389 872 471 924 quam
489 871 534 911 me
551 857 603 912 hoe
620 858 690 913 felso
707 859 879 929 auspicerier.

187 937 231 991 Si.
251 936 303 991 hoe
316 938 444 1006 primum,
457 941 489 992 ut
501 938 604 1006 nequid
615 939 696 994 huius
709 957 802 994 rernm
815 940 945 1008 ignores:
965 955 1036 1006 anuo,

186 1022 319 1087 quaeest
340 1018 417 1073 diota
432 1021 523 1073 mater
541 1020 601 1075 esee
622 1021 649 1075 ei
669 1020 794 1089 antehae,
811 1023 868 1075 nen
888 1021 961 1079 fuit:
991 1023 1037 1078 ato

151 1117 174 1156 ao
186 1116 220 1153 ea
242 1100 310 1155 ebiit
330 1102 464 1154 mortem:
492 1101 544 1155 hoe
562 1102 624 1172 ipsa
643 1102 672 1157 in
693 1102 792 1157 itinere
812 1102 920 1158 elterae

187 1181 253 1236 dum
270 1183 371 1248 nen-at
390 1182 462 1236 forto
483 1182 585 1238 audivi.
623 1184 698 1239 0111.
717 1200 789 1253 quae
806 1187 900 1240 namet
918 1184 1021 1241 elterat

187 1263 233 1317 Su.
256 1279 350 1318 mane:
374 1263 425 1317 heo
437 1263 511 1332 quod
523 1265 601 1335 coepi
616 1265 738 1334 primum
751 1281 886 1333 enarrem,
901 1265 1035 1336 Clitipho:

154 1350 159 1360 ’
186 1349 249 1414 post
266 1346 338 1400 istuc
355 1345 469 1400 veniam.
512 1346 588 1400 0111.
613 1348 737 1417 prepera.
782 1346 828 1402 Su.
848 1347 906 1402 iam
923 1347 1036 1419 primum

736 1428 864 1497 emnium,

163 1507 233 1561 .ubi
251 1509 362 1562 ventum
379 1507 417 1561 ad
434 1507 512 1562 aedis
529 1508 578 1575 est,
597 1508 701 1562 Dromo
718 1509 811 1579 pultet
827 1510 912 1567 ioris:
986 1512 1035 1570 -276
1062 1519 1080 1535 ·’

151 1608 174 1648 15
186 1607 254 1644 anus
272 1589 405 1658 quaedam
423 1590 531 1659 prodit:
555 1590 622 1644 haee
639 1590 688 1645 ubi
705 1591 815 1660 aperuit
832 1591 945 1662 estium,

186 1671 316 1725 continuo
334 1670 379 1724 hio
398 1686 428 1724 ee
447 1670 562 1724 coniecit
579 1671 660 1738 intro,
678 1687 729 1739 ego
748 1672 919 1741 oensequor:

186 1771 254 1808 anne
272 1754 374 1808 feribue
391 1752 469 1808 obdit
485 1755 632 1824 pessulum,
650 1754 686 1808 ad
704 1755 795 1810 lanem
812 1755 896 1811 redit.

186 1835 230 1890 hio
247 1836 311 1890 seiri
328 1835 420 1905 potuit
436 1835 486 1890 anit
503 1853 637 1905 nusquam
655 1836 728 1904 alibi,
748 1837 846 1904 Clinia,

187 1934 241 1986 quo
259 1918 352 1971 etidio
369 1918 452 1971 vitam
471 1918 549 1971 onem
566 1922 595 1972 te
614 1916 728 1973 absente
746 1918 877 1988 exegerit,
989 1925 1035 1977 oto

152 2018 174 2056 10
186 1999 235 2052 ubi
255 1998 290 2052 de
307 1999 473 2069 inprovisost
491 1999 677 2054 interventum
695 1999 818 2054 milieri:

187 2096 250 2133 nam
269 2097 301 2134 ea
319 2080 362 2133 ree
380 2078 535 2134 deditium
553 2080 739 2133 existumandi
756 2079 863 2149 oepiam
881 2124 885 2131 .

187 2161 342 2216 cotidianae
359 2160 433 2217 vitae
450 2159 683 2228 eonsuetidinem

187 2261 258 2313 quae
276 2244 428 2312 quoiusque
444 2243 586 2310 ingenium
603 2245 636 2296 ut
653 2244 690 2297 eit
708 2244 831 2300 declarat
849 2245 985 2302 mexume.

187 2328 327 2382 texentem
344 2326 430 2380 telam
451 2325 575 2380 stridiose
594 2323 681 2394 ipsam
700 2326 872 2394 offendimus,
987 2331 1034 2384 285

151 2422 175 2461 15
187 2408 363 2462 mediocriter
381 2407 511 2461 vestitam
530 2408 607 2459 veste
626 2404 736 2474 ligubri
844 2476 846 2480 ἱ

187 2487 255 2554 (elue
273 2487 352 2541 inuis
371 2503 451 2540 causa
471 2487 568 2554 opinor
584 2501 655 2554 quae
674 2488 734 2540 erat
754 2487 873 2554 mentua)

186 2569 245 2622 sine
257 2571 338 2622 ariro:
362 2571 422 2622 tum
440 2571 565 2622 ornatam
585 2567 626 2621 ita
643 2567 686 2622 uti
704 2584 774 2636 quae
793 2568 929 2625 ornantin·
944 2569 1003 2637 sibi,

186 2650 261 2704 nulle
278 2650 351 2704 mala
370 2667 400 2706 re
421 2666 482 2704 esse
502 2648 648 2719 expolitam
670 2649 797 2704 miliebri

187 2728 205 2764 5
310 2730 328 2766 e
433 2729 451 2765 0
555 2728 574 2765 r
677 2729 696 2765 r
791 2729 820 2765 *a

187 2809 301 2879 capillus
318 2826 416 2881 passus
435 2810 537 2880 prelixo
555 2816 580 2864 ot
597 2809 699 2864 eireim
718 2813 802 2879 eaput
987 2815 1035 2866 29⁰

152 2899 175 2939 50
187 2890 305 2945 reiectus
322 2889 506 2959 neglegenter,
524 2905 585 2958 pax.
622 2889 702 2944 01115.
725 2889 791 2957 Syre
809 2889 855 2958 mi,
874 2888 993 2959 ebsecro,

187 2987 221 3024 ne
240 2988 284 3025 me
301 2970 331 3024 in
348 2970 484 3025 laetitiam
501 2969 607 3024 fristra
624 2969 749 3024 conicite.
786 2969 831 3025 Su.
848 2987 919 3026 anuo

187 3051 331 3106 subtemen
348 3051 447 3108 nebat:
478 3051 621 3120 praeterea
637 3067 692 3104 una
709 3050 837 3106 ancillula

187 3138 265 3199 erat;
295 3135 328 3188 ea
346 3133 461 3188 texebat
479 3132 541 3199 tna,
562 3131 659 3200 pannis
680 3132 776 3201 emita,

187 3214 319 3284 neglecta,
337 3214 469 3269 inmunda
489 3213 596 3268 inlivie.
653 3212 729 3268 0111.
755 3213 779 3267 si
796 3214 866 3270 haee
890 3217 963 3285 eunt,
987 3211 1036 3270 Oli·

304 3349 305 3354 ,
739 3297 792 3365 nia,
987 3300 1035 3353 296

153 3393 176 3433 55
188 3394 259 3444 vera,
277 3377 319 3431 ita
336 3377 379 3430 uti
397 3377 487 3444 oredo,
505 3376 568 3445 quie
585 3377 641 3430 test
659 3376 846 3432 lortirnetiori

187 3459 245 3513 sein
263 3458 333 3512 hene
346 3474 428 3527 quam
447 3458 514 3512 dicit
527 3457 695 3512 serdidatam
713 3461 743 3512 et
760 3458 921 3532 serdidami
