2310 4050
171 266 233 327 ιι,
247 267 351 332 s-es]
419 270 559 322 Hevron
582 271 843 323 nnsonvnnnos.
987 272 1036 324 ιιι

172 379 1037 456 011.the,desiisleinquimdeosuxorgrttulandoobtirndere,

172 463 255 546 tinem
275 481 337 521 esse
357 465 497 522 inventam
511 468 641 537 gnitum:
657 469 711 523 nisi
725 469 787 523 illos
801 469 835 524 ex
856 473 906 523 tuo
924 464 1048 538 ingenio¹

726 550 841 619 iisdiees,
981 557 1034 607 888

172 624 208 680 iit
220 625 259 681 nil
274 627 373 682 credes
386 628 555 699 intellegere,
574 631 628 685 nisi
642 628 721 687 'idem
737 631 871 686 dictumst
887 630 1017 686 centiens.

172 707 223 764 sid
242 709 355 764 interim
371 710 439 780 quid
457 710 514 766 illio
532 712 587 766 iam
608 713 714 770 dudum
731 713 833 781 gnotus
857 716 948 767 cesset
967 712 1035 766 eim

726 794 812 863 Syrol

140 885 163 926 lo
173 872 232 928 Mn
257 873 389 943 quossis
408 872 539 938 homines,
558 874 840 943 Chremeneesstrel
876 874 928 929 (ln.
947 873 1035 941 ehem,

716 955 889 1022 Menedemi,
905 955 1037 1010 tdvenisl

174 1033 221 1090 die
239 1034 315 1103 mihi,
335 1035 438 1091 Cliniae
456 1052 528 1104 quse
544 1034 603 1092 dixi
620 1037 791 1092 nimtiastinl
827 1037 884 1091 Mn.
903 1037 1000 1093 omnin
1067 1049 1071 1056 ·

176 1116 231 1172 ΟΠ.
256 1116 327 1186 quid
344 1120 403 1174 aitl
452 1116 510 1178 Mn.
533 1117 657 1186 gaudere
677 1119 747 1174 ideo
766 1118 865 1187 eoepit,
885 1117 964 1187 quisi
987 1117 1035 1187 qni

732 1199 848 1269 eupiunt
867 1199 987 1269 nisptias.

174 1275 229 1332 ΟΠ.
249 1275 382 1335 hthahse.
417 1278 558 1352 anuid
576 1279 684 1335 risistil
729 1279 781 1334 (ln.
799 1279 872 1333 servi
890 1280 990 1334 venere
1006 1277 1036 1333 in

729 1361 850 1415 mentem
870 1360 930 1429 Syri
983 1366 1035 1416 886

173 1438 353 1499 wionem.
387 1440 443 1497 Mn
461 1440 559 1497 itenel
593 1441 646 1497 (ln.
663 1440 755 1497 voltus
772 1442 883 1511 queque
894 1441 1035 1495 hominum

730 1522 812 1591 fingit
830 1522 925 1578 scelus.

140 1611 163 1652 le
174 1599 233 1656 Mn.
246 1602 351 1672 gnotus
362 1602 436 1673 qnod
448 1620 478 1659 se
489 1603 640 1659 edsimnlet
651 1602 762 1670 laetum,
775 1603 805 1658 id
817 1604 904 1660 dieisl
934 1604 988 1660 On.
995 1603 1034 1661 id.

721 1686 778 1742 Mn.
796 1687 870 1741 idem
882 1686 955 1742 istinc
967 1685 1036 1745 mihi

175 1764 252 1840 venit
272 1764 442 1823 inmenttnn
487 1765 540 1822 Cn.
557 1769 706 1823 veterator.
749 1767 804 1823 Mn.
822 1769 917 1837 migls,
937 1768 959 1822 si
978 1784 1036 1822 me-

722 1849 766 1917 gis
783 1850 866 1914 noris,
884 1853 965 1918 putes

174 1930 217 1986 ite
227 1946 370 2002 remense.
406 1929 458 1986 Gn.
472 1928 517 1985 ain
529 1930 583 1986 tul
618 1929 674 1984 Mn.
691 1930 758 1999 quin
770 1933 803 1985 tn
815 1931 946 1986 ausculta.
982 1930 1035 1986 (ln.

436 2013 519 2066 mine
531 2013 610 2078 dum,
622 2010 675 2065 hoe
687 2011 763 2079 prins
776 2011 846 2065 seire
857 2012 966 2081 expeto,
984 2017 1036 2067 890

174 2092 246 2164 qnid
263 2093 428 2164 perdideris.
452 2108 518 2146 nam
535 2091 584 2146 irbi
601 2090 765 2160 desponsam
784 2091 918 2146 nimiiesti
936 2091 1007 2160 filio,

174 2176 304 2232 eontinuo
317 2175 447 2230 iniecisse
463 2173 549 2228 verba
565 2173 619 2228 tibi
637 2174 804 2228 Dromonem
822 2173 937 2241 seilicet,

139 2269 162 2308 ιι
174 2259 293 2328 sponsae
309 2260 416 2323 vestem
429 2272 527 2310 aurum
539 2255 624 2324 itque
636 2254 748 2309 ancillas
763 2255 831 2322 tpus
839 2271 922 2310 ,esset
939 2269 1036 2325 ergen-

729 2341 789 2390 tum
808 2336 840 2391 iit
858 2335 946 2392 dares.

174 2419 231 2475 Mn
243 2419 306 2476 non
336 2419 391 2487 On.
402 2416 487 2488 qnidl
498 2417 571 2472 noni
600 2417 656 2472 Mn
667 2433 722 2471 non
735 2417 854 2486 inquom.
879 2418 931 2474 Cn.
943 2433 1036 2487 neque

395 2501 455 2570 ipss
465 2499 585 2569 gnitusl
621 2498 677 2553 Mn.
693 2498 732 2552 nil
744 2499 882 2569 prorsrim,
894 2499 1034 2555 Chremes.

174 2580 265 2650 mtgis
282 2596 369 2635 unum
386 2580 470 2635 etiem
488 2579 602 2647 insttre,
619 2583 652 2633 ut
669 2578 751 2633 hodie
768 2580 950 2635 conficiantur
966 2580 1035 2649 niro

733 2660 795 2714 tiae.
983 2665 1035 2715 895

176 2742 230 2798 On.
247 2740 320 2796 mim
335 2757 436 2796 narres
461 2739 531 2809 quid
543 2738 627 2810 Syrus
638 2741 735 2794 meusl
752 2757 788 2795 ne
800 2739 824 2794 is
836 2739 948 2808 quidem
960 2740 1036 2809 qnie-

613 2844 616 2849 ·
732 2821 836 2888 qutml
871 2820 927 2875 Mn
946 2819 1024 2875 nihil.

175 2893 229 2961 (ln
248 2919 332 2973 quam
344 2902 448 2970 obrem,
460 2900 559 2957 neseio.
595 2901 651 2956 Mn
669 2900 799 2970 squidem
811 2900 903 2967 miror,
919 2902 967 2970 qni
980 2900 1036 2956 slis

730 2985 789 3035 tam
799 2982 880 3051 plant
892 2983 970 3039 scias

140 3083 163 3125 ιι
174 3021 226 3122 sed
242 3066 289 3123 ille
305 3070 385 3139 tuom
402 3067 512 3136 quoqui
529 3065 613 3136 Syms
629 3065 705 3121 idem
722 3065 794 3120 mire
811 3065 894 3119 finxit
911 3065 924 3118 f
927 3064 1014 3133 ilium

175 3150 208 3204 st
232 3164 269 3203 ne
290 3132 434 3270 penlulirm
460 3146 574 3217 quidem
597 3146 708 3203 subolet
737 3146 797 3200 esse
824 3145 941 3199 emicem
963 3106 1034 3200 herio

733 3225 846 3280 Cliniae

176 3313 229 3369 Gn.
247 3311 318 3382 quid
329 3262 390 3366 sisi
423 3310 480 3365 Mn.
491 3309 593 3365 mitto'
585 3324 640 3363 mm
650 3305 766 3362 bsonari
778 3309 863 3375 atque
872 3305 1036 3377 implexsri.

730 3385 760 3441 1d
772 3387 812 3441 nil
823 3393 899 3455 puto
983 3393 1036 3443 900

175 3475 229 3531 cn
247 3468 769 3545 quidestquodsmpliirssimnletnri
804 3468 861 3522 Mn.
878 3466 940 3522 rth.
980 3468 1035 3527 Cn.

616 3549 684 3620 quid
696 3551 759 3605 esti
793 3549 849 3606 Mn.
867 3547 1035 3608 sudimodo.
