2310 4050
95 292 160 354 114,
172 296 282 346 23-111
294 295 317 357 1,
330 297 383 364 20.]
416 299 556 352 HAVTON
574 300 835 353 TIMORVMENOS.
906 302 953 352 135

96 408 166 465 Bn'
185 410 246 480 quis
271 427 337 466 nem
354 412 400 467 hic
425 411 585 469 adulescens
602 414 652 480 est,
678 414 724 482 qni
741 413 861 470 intuitur
884 415 953 471 nisi

529 495 586 549 Au.
613 511 637 560 a,
655 496 745 551 retine
762 512 814 564 me,
833 496 952 551 6bsecr0.

96 570 149 627 BA.
185 571 284 629 amtbo
302 572 371 643 quid
388 573 488 631 tibisti
534 576 588 631 Au.
618 575 827 647 disperit-perii
845 577 952 632 misera.

313 707 315 711 ,
652 659 704 713 BA.
727 657 796 728 quid
813 660 929 728 stupes?

58 741 82 780 2⁵
95 732 145 788 On
180 733 336 805 Antiphilu
380 737 436 794 Au.
470 738 570 795 videon
589 738 705 795 Olininm
723 755 758 793 cn
782 740 857 795 noni
901 740 953 794 ΒΑ.

652 820 734 890 quim
751 819 848 875 videet
900 827 951 876 406

95 895 144 952 On
179 896 262 966 salve,
279 897 371 954 inimo
389 899 435 956 mi
481 900 535 956 An.
551 910 583 956 ὀ
600 900 639 956 mi
657 901 754 969 Clinia,
773 901 864 968 saise.¹
902 903 953 958 On.

649 981 683 1036 nt
700 983 794 1038 vales?

92 1057 148 1113 An.
186 1059 289 1117 salutm
307 1061 413 1117 venisse
430 1062 545 1131 gaudeo.
582 1063 628 1118 Cn.
653 1065 769 1118 tenetne
786 1067 825 1133 te,

92 1138 247 1210 Antiphila,
267 1159 396 1198 maxume
413 1144 505 1198 inimo
522 1144 686 1214 exoptsttm
703 1146 784 1200 meo?
891 1202 892 1207 χ

92 1221 140 1278 Si.
175 1222 217 1279 ite
235 1223 324 1279 intro:
343 1241 407 1279 nam
424 1240 473 1280 vos
490 1223 546 1279 itm
563 1225 668 1279 dudum
687 1227 817 1295 expecttt
833 1243 924 1283 senex.

385 1498 657 1508 ———--——

369 1828 370 1835 Ν
401 1745 551 1815 Aenus
578 1745 645 1812 ΠΙ.

342 1919 489 1977 Onnnnns.
524 1922 713 1976 Mnunnnuvs.

10 2032 57 2089 III
71 2051 80 2090 1
94 2039 149 2095 On.
186 2038 309 2095 Luciscit
325 2039 379 2094 hec
395 2040 458 2095 iam.
492 2039 569 2094 cisso
586 2040 696 2108 pultare
714 2037 815 2093 <istium
897 2043 949 2093 410

92 2119 187 2189 vicini,
204 2121 294 2192 primo
312 2138 346 2176 ex
363 2138 408 2176 me
427 2121 458 2176 nt
476 2121 547 2176 sciat
563 2121 616 2175 sibi
633 2120 725 2176 filium

92 2202 222 2258 redisse?
239 2202 293 2257 etsi
310 2202 513 2259 adulescentem
530 2201 583 2257 hoc
600 2201 672 2256 nolle
689 2200 826 2269 intillego.
925 2249 929 2257 .

91 2281 190 2338 verium
209 2299 293 2352 quom
309 2283 418 2338 videam
435 2283 567 2338 miserum
585 2283 657 2337 hune
675 2286 732 2337 tam
751 2281 932 2338 excruciirier

66 2364 153 2420 seius
171 2365 257 2433 ibitu,
274 2367 361 2422 celem
379 2369 438 2421 tum
454 2366 626 2436 insperatum
643 2365 782 2434 gandium,

91 2463 178 2516 quom
195 2448 222 2503 ei
239 2447 335 2518 pericli
351 2447 393 2502 nil
409 2463 444 2501 ex
461 2447 560 2502 indicit
577 2448 649 2503 sisti
897 2452 948 2501 415

90 2528 148 2584 han
164 2529 280 2584 ficiam:
298 2545 363 2583 nem
381 2527 461 2596 quod·
473 2529 570 2598 piterc
587 2528 718 2584 adiutabt
735 2544 837 2583 senem.

90 2609 160 2664 item
178 2612 211 2664 ut
227 2611 321 2665 filium
338 2625 431 2664 meum
448 2609 538 2664 emico
554 2612 640 2679 utque
657 2609 766 2679 aequali
783 2625 833 2663 suo

90 2691 174 2746 video
192 2691 326 2749 inservire
343 2695 373 2746 et
390 2690 492 2745 stcium
510 2707 571 2746 esse
587 2691 616 2745 in
633 2691 757 2760 neg6tiis,

59 2787 80 2828 n
90 2791 143 2829 nos
160 2775 270 2844 quique
286 2789 365 2828 senes
383 2775 427 2827 est
444 2773 560 2841 eiquom
577 2772 688 2828 senibus
706 2769 827 2839 tbsequi.

91 2855 148 2910 Mn.
184 2859 234 2910 ant
246 2855 295 2925 ego
306 2853 550 2925 proiectuinginio
562 2852 673 2923 egregio
684 2852 721 2907 nd
732 2851 856 2905 miserius
896 2853 947 2905 420

91 2934 262 3004 natussum,
279 2939 329 2991 aut
346 2934 416 2989 illud
432 2934 567 3002 filsnmst,
588 2933 664 3003 quod
681 2932 761 3001 volgo
778 2930 860 2986 sidio
917 2971 919 2975 >

91 3015 156 3083 dici,
174 3015 250 3070 diem
266 3015 390 3071 adimere
407 3014 607 3084 aegritudinem
625 3012 794 3068 huminibus:

90 3113 157 3151 nam
173 3096 243 3152 mihi
260 3094 375 3166 quidem
391 3096 495 3152 cotidie
512 3095 636 3165 augescit
653 3095 740 3165 magis

58 3189 80 3230 ιε
91 3177 129 3233 de
144 3175 209 3233 iilic
226 3177 380 3248 segnitidc,
398 3180 428 3233 et
445 3180 550 3248 quantu
566 3176 672 3232 diitius
720 3192 724 3201 ’

90 3259 177 3329 abest,
195 3260 283 3329 magis
300 3259 382 3329 cupio
400 3260 480 3314 tinto
497 3260 528 3313 et
544 3258 631 3327 magis
648 3256 784 3311 desidero.
895 3260 947 3311 425

92 3341 147 3398 ΟΠ.
182 3341 234 3404 sed
250 3341 342 3412 ipsum
359 3341 433 3397 foras
451 3342 591 3411 egressum
609 3340 705 3394 video:
723 3337 777 3406 ibo,
795 3337 936 3408 idioquar.

91 3424 265 3494 Menedemo,
283 3423 373 3479 salve:
391 3423 519 3478 nuntium
536 3423 652 3493 adportt
669 3421 730 3490 tibi,

90 3505 191 3576 quoius
206 3505 337 3562 minume
354 3507 385 3562 te
401 3504 469 3561 fieri
480 3504 644 3575 participem
661 3503 745 3572 cupis.
831 3538 834 3549 .

55 3602 79 3643 n
91 3590 147 3647 Mu
182 3590 320 3661 numquid
331 3606 396 3648 uum
408 3589 445 3646 de
456 3605 518 3646 mec
529 3589 615 3658 gntto
626 3587 766 3656 audivisti,
779 3586 929 3643 Chremes?
