2310 4050
170 290 219 340 661
493 293 523 342 r.
541 292 693 345 6666666
837 294 874 358 [6
885 297 907 356 6,
920 295 1010 347 66-6.

172 408 224 464 cn.
241 407 365 478 monstri,
383 409 424 464 ita
440 409 526 465 medi
538 413 640 480 ament,
652 409 749 466 sImile.
786 412 843 468 Pu.
860 411 940 467 inieci
951 411 1011 466 seri·

721 491 827 561 pulum.
866 491 918 546 Dr.
935 490 997 558 heri,

170 567 262 623 hicine
278 573 311 625 ut
329 568 441 624 anobis
458 569 510 626 1666
526 574 637 627 tantum
655 572 764 640 argenti
782 571 895 628 6666666
972 577 1011 628 965

171 652 228 703 tam
246 652 341 720 aptrte
358 651 500 708 inridensi
524 653 608 707 emori
626 653 719 707 hercle
737 653 825 708 666166
843 655 895 707 est.

170 731 260 786 animi
278 732 350 786 virili
368 734 561 803 praesentique
579 737 612 788 ut
630 733 668 787 sis
686 751 762 804 para

135 811 247 868 uvidis
264 817 342 868 tuom
359 816 504 882 percitum
522 831 582 869 esse
600 813 704 869 elatum
722 814 796 870 ieras

170 910 261 963 neque
277 895 333 950 iam
351 895 382 949 id
399 896 489 951 celare
505 896 585 965 pisse
602 900 632 951 te
649 897 764 952 uxortm
781 899 877 952 tuam:

170 990 242 1029 nunc
260 976 333 1044 qutd
351 975 412 1046 ipsa
429 993 464 1030 ex
482 976 542 1030 aliis
559 975 688 1031 atditura
705 975 751 1045 sit,
770 976 912 1045 Chremes,
970 978 1009 1028 966

171 1055 202 1111 id
218 1058 326 1113 ntsmet
343 1058 466 1114 indicite
482 1057 645 1128 plaaabssius
663 1060 712 1112 est

170 1140 231 1193 tum
249 1139 321 1194 hunc
339 1139 499 1211 inparatum
518 1140 668 1210 piterimus
685 1138 779 1194 nostri
795 1137 881 1194 modo

135 1222 272 1276 6666161661.
309 1223 362 1277 Pu.
380 1226 461 1292 attat,
478 1224 531 1278 nisi
548 1223 587 1277 mi
604 1222 747 1292 prospicio,
764 1222 871 1280 1666666.

170 1302 200 1356 hi
216 1303 382 1372 gladiatorio
399 1305 491 1360 ianime
509 1305 545 1359 ad
562 1321 607 1358 me
624 1303 770 1358 6611666666
787 1303 868 1357 viam.

171 1383 223 1438 Cn.
243 1388 273 1439 at
290 1386 387 1440 666666
401 1389 435 1439 ut
450 1384 555 1455 plastri
571 1384 666 1455 possit.
702 1384 755 1439 Du.
771 1383 845 1439 bino
856 1383 946 1438 auimo
960 1397 996 1436 es:

170 1478 222 1531 ego
240 1463 363 1532 redigam
380 1481 428 1519 666
446 1465 474 1519 in
488 1465 615 1534 gittiam,
633 1464 685 1519 hee
702 1463 798 1534 iretis,
818 1465 955 1532 Chremes,
970 1465 1008 1517 966

171 1561 253 1614 quom
271 1562 288 1600 6
304 1546 395 1600 mtdio
413 1547 532 1602 excessit
549 1545 624 1600 {inde
641 1545 710 1602 haee
727 1547 887 1618 suseepttst
904 1546 960 1602 tibi.

135 1624 159 1664 ⁷⁵
171 1626 224 1680 ΡΗ.
239 1626 315 1681 itane
333 1627 416 1695 tegitis
433 1628 559 1682 mecum?
584 1627 653 1681 66616
670 1630 763 1682 astute
781 1628 966 1696 adgrtdimini

170 1724 224 1761 non
241 1708 332 1762 hercle
350 1725 384 1762 ex
402 1708 533 1763 66166166
550 1724 595 1762 me
613 1708 760 1778 instigasti,
779 1709 933 1779 Dimiph0.·

169 1789 214 1843 ain
231 1791 283 1844 tui
306 1787 354 1842 tbi
372 1805 443 1858 quae
460 1788 579 1843 lubitum
597 1786 681 1843 fierit
697 1794 817 1858 peregre
835 1789 934 1845 1666616
969 1788 1009 1843 616

170 1886 259 1938 neque
276 1868 358 1923 huius
376 1869 413 1923 sis
430 1868 535 1924 veritus
553 1867 670 1922 feminae
687 1868 843 1938 prima-iae,

170 1951 235 2020 quin
254 1953 323 2006 6666
340 1951 422 2004 modo
439 1955 467 2005 ei
484 1950 589 2004 1666666
607 1949 808 2020 contumeliam,

134 2049 157 2087 se
169 2031 263 2086 666166
281 2047 354 2086 nune
371 2031 498 2101 precibus
516 2031 622 2084 lautum
640 2031 785 2100 peceatum
802 2034 901 2089 tuomt

169 2111 244 2165 hisee
262 2112 312 2179 tgo
330 2112 404 2166 illam
423 2111 505 2167 dietis
523 2111 563 2166 ita
580 2110 633 2165 tibi
650 2111 790 2167 1666666666
808 2113 892 2184 dabo,

168 2196 201 2248 ut
217 2193 251 2248 66
269 2194 431 2263 restinguas,
449 2192 579 2248 lacrumis
596 2192 619 2246 si
637 2192 814 2250 extilltveris
972 2197 1012 2252 916

170 2276 220 2330 Du.
239 2273 352 2344 [malum
370 2276 444 2344 qued
460 2275 508 2329 isti
525 2273 556 2328 di
574 2273 697 2344 deaeque
714 2277 809 2332 omnis
828 2277 930 2349 duint]

169 2356 284 2411 6666666
324 2355 466 2411 adieetum
503 2355 668 2424 quimquam
703 2371 762 2411 6666
799 2357 943 2414 hominem
974 2373 1012 2412 au·

726 2437 821 2494 (166166

133 2536 158 2576 ss
169 2533 223 2571 non
240 2514 291 2571 1666
308 2517 458 2586 publicitus
476 2517 563 2572 666166
580 2517 645 2572 hine
661 2518 832 2588 asperttrier

168 2599 197 2652 in
215 2597 287 2653 66166
304 2601 410 2652 terras!
449 2597 500 2652 011.
520 2596 549 2651 in
566 2597 596 2651 id
612 2597 741 2652 redactus
759 2599 824 2652 siim
842 2599 904 2668 1661,

169 2682 202 2734 ut
227 2678 296 2748 quid
316 2695 396 2748 agam
419 2694 482 2732 cum
505 2678 552 2733 illo
575 2678 693 2734 66661666
715 2695 853 2748 prorsum.
901 2683 952 2737 Du
971 2681 1014 2748 666

724 2759 796 2815 seio:
969 2765 1013 2817 666

168 2841 258 2912 irrisis
275 2858 377 2898 eamus.
413 2841 466 2896 Pu.
485 2840 594 2896 iniust
623 2841 685 2908 huc,
702 2840 795 2910 siquid
812 2842 900 2902 lubet.

169 2924 222 2980 Ds.
240 2924 399 2993 adsequere,
416 2923 512 2990 retine,
530 2922 598 2977 dium
616 2939 668 2991 ege
684 2922 738 2976 huc
755 2940 851 2979 servos
867 2926 956 2983 66666.

134 3007 221 3062 90011.
240 3007 313 3062 enim
330 3007 435 3076 ntqueo
453 3005 542 3059 solus:
567 3002 691 3059 66166666.
727 3004 779 3060 ΡΗ.
797 3024 855 3062 una
871 3008 992 3063 initu-issi

168 3089 268 3143 tecum.
316 3088 368 3142 011.
396 3087 459 3157 lege
479 3085 556 3154 agite
581 3101 655 3154 ergo.
705 3085 758 3142 Pu.
784 3087 905 3144 61666661
927 3088 1014 3154 testu,

678 3196 681 3203 ·
723 3166 865 3225 Chremes.

169 3252 220 3306 Du.
244 3267 312 3320 rape
336 3248 417 3304 huna.
465 3246 519 3302 Pu.
545 3246 585 3303 616
609 3247 714 3317 agitisi
744 3249 817 3305 66166
841 3268 908 3307 vero
934 3250 1015 3307 voest

514 3335 517 3343 ’
722 3345 808 3400 opus:
971 3335 1014 3387 986

169 3411 353 3478 Nausistrata,
371 3408 423 3464 exi.
459 3408 512 3464 On.
530 3425 560 3463 os
578 3408 708 3478 tpprime.
744 3411 796 3464 Du.
815 3410 944 3482 inpurum
960 3409 1014 3466 vide

169 3492 302 3562 quantum
320 3491 400 3546 valet.
444 3490 499 3545 ΡΗ.
522 3490 708 3559 Nausistrata,
727 3490 851 3561 inquam.
894 3494 946 3550 06.
971 3493 1013 3547 nu

719 3573 815 3629 666661
