2310 4050
248 201 280 250 eo
579 200 608 249 Ρ.
627 199 779 250 inunum
925 199 952 262 [1
964 200 1093 258 neo-oe

212 345 235 384 :o
247 313 329 380 alere,
341 312 390 369 ait
401 330 483 370 caneo
494 314 531 369 ad
542 315 707 384 venandum,
718 319 766 371 out
778 315 815 370 ed
827 313 1020 385 phssoeophoe:

248 395 345 448 horum
363 393 410 449 ille
427 395 465 449 nil
484 395 594 465 egregie
611 400 726 466 praeter
743 397 836 452 cetera

247 475 386 545 studebat,
404 480 433 532 et
450 481 545 532 tamen
562 478 654 533 emnia
670 478 739 533 haec
756 477 950 535 mediocriter:

247 558 409 627 gaudebam
447 559 493 614 So.
516 576 572 613 non
589 559 706 615 iniuria:
724 576 788 614 nam
806 560 836 614 id
854 560 976 616 erbitror
1071 566 1099 614 6⁰

248 636 374 706 adprime
390 638 419 692 in
436 639 495 693 vita
513 655 575 694 esse
592 639 670 708 utile,
688 642 721 695 ut
739 639 844 710 nequid
860 640 949 695 nimis.

211 740 235 779 :5
249 716 288 771 SI.
322 717 361 772 uic
372 717 432 773 vita
443 721 521 774 erat:
540 718 620 774 facile
632 720 726 774 emnee
737 720 862 790 perferre
874 721 907 775 ec
917 720 994 790 pati:

248 815 312 853 cum
329 799 429 868 qussius
447 803 508 854 erat
525 817 663 870 quomque
681 801 743 869 ina,
761 801 802 856 cis
819 818 880 856 sese
897 801 1015 858 dedere:

249 895 343 934 eorum
361 879 475 949 ebsequi
492 881 607 936 studiis:
627 883 759 937 advorsus
777 883 893 939 nemini:

248 962 400 1029 numquem
418 978 592 1032 praeponens
609 980 639 1018 ee
656 964 731 1017 dliie:
749 963 790 1019 ita
807 963 948 1020 facsslume
1073 970 1104 1018 65

179 1100 184 1109 ,
248 1045 307 1099 sine
325 1044 430 1099 invidia
447 1044 557 1100 laudem
575 1045 697 1101 invenias
715 1049 744 1101 et
761 1046 863 1101 amices
879 1062 971 1117 pareo

213 1156 236 1194 :o
249 1124 294 1179 So,
331 1124 469 1193 sapienter
485 1125 571 1179 vitam
582 1125 719 1180 instituit:
737 1142 857 1196 namque
871 1127 925 1182 hoc
939 1127 1069 1196 tempore

248 1205 408 1274 obsequium
425 1206 535 1274 amicos,
554 1207 659 1261 veritae
678 1206 775 1262 odidm
791 1208 873 1279 parit

146 1331 154 1354 ‚
252 1286 290 1341 sa
324 1284 431 1341 interea
448 1286 548 1340 mulier
566 1285 700 1355 quaedam
718 1286 818 1342 abhinc
835 1286 985 1344 triennium

249 1386 284 1424 ex
302 1354 399 1424 Andro
417 1367 608 1436 commigrevit
625 1366 679 1423 huc
696 1367 820 1437 viciniae,
1074 1376 1105 1427 to

251 1451 345 1522 inepia
362 1455 392 1506 et
410 1451 589 1519 cognoterum
606 1449 783 1520 neglegentia
920 1482 923 1489 ·

213 1564 237 1603 45
250 1533 354 1596 coacta,
372 1531 482 1600 egregia
498 1530 588 1584 ferma
605 1533 690 1598 atque
707 1533 802 1587 aetate
820 1530 938 1601 integra

250 1612 295 1669 So.
331 1613 365 1680 ei,
381 1614 477 1668 vereor
494 1610 597 1682 nequid
616 1600 724 1667 Andria
741 1611 872 1682 adportet
888 1610 962 1667 mali.

249 1695 287 1751 S1.
323 1694 413 1764 primo
430 1694 498 1749 hoec
516 1694 616 1763 pudice
634 1693 721 1748 vitam
739 1709 822 1764 perce
839 1710 872 1748 ac
890 1693 1003 1748 ddmter

250 1774 357 1844 agebat,
371 1773 433 1828 lana
451 1791 483 1828 ac
501 1773 557 1828 tela
573 1774 677 1828 victum
695 1771 864 1842 quaeritans:
1077 1774 1108 1828 75

249 1853 299 1908 sed
316 1856 465 1924 postquam
482 1869 576 1907 amens
595 1853 709 1908 accessit
726 1853 847 1923 pretium
865 1851 1009 1922 pellicens,

213 1970 236 2009 ω
250 1935 322 1988 unus
339 1937 369 1988 et
386 1933 454 1988 item
472 1933 557 1988 alter:
576 1933 618 1987 ita
635 1936 667 1987 ut
684 1933 853 2002 ingeniumst
871 1931 994 1987 emnium

250 2013 389 2067 hominum
408 2012 444 2067 eb
463 2011 557 2066 labore
574 2012 695 2083 preclive
713 2011 750 2065 ad
766 2011 928 2078 lubidinem,
1028 2016 1031 2023 '

249 2093 354 2162 accepit
372 2092 568 2161 condicienem,
587 2092 652 2147 dein
671 2096 816 2161 quaestum
835 2091 943 2161 decipit.

250 2175 298 2244 qui
315 2178 375 2229 tum
393 2173 468 2228 ssiam
486 2172 625 2242 amabant,
643 2173 724 2240 ferte,
742 2172 784 2228 ita
800 2176 833 2227 ut
851 2172 892 2241 fit,
908 2171 1002 2226 issium
1075 2176 1108 2225 80
1148 2188 1151 2193 ’

248 2255 407 2325 perduxere
424 2254 496 2322 illuc,
514 2255 605 2309 aecum
622 2257 655 2308 ut
673 2270 728 2308 una
746 2254 828 2319 esset,
845 2268 947 2307 meum.

213 2371 237 2411 5⁵
249 2336 360 2404 egomet
377 2336 506 2390 continuo
522 2335 629 2389 mecum
647 2335 738 2389 ‘certe
756 2336 856 2403 ceptus
873 2336 929 2388 est:

141 2451 152 2470 1
250 2415 350 2471 habet)
388 2413 568 2470 ebservobam
585 2416 668 2470 mene
684 2413 794 2469 illorum
812 2412 931 2469 servolos

248 2496 382 2552 venientis
401 2498 450 2551 aut
467 2496 608 2550 abedntis:
625 2495 781 2565 rogitabam
799 2495 884 2549 ‘herio
899 2509 976 2564 puer,
1049 2536 1054 2547 .

248 2581 293 2634 dic
302 2579 392 2647 sedes,
401 2579 462 2648 quie
471 2578 532 2633 heri
541 2578 705 2651 Chrysidem
714 2577 842 2633 habuitt’
853 2593 917 2632 nam
927 2564 1054 2632 Andriae
1074 2584 1109 2633 85

248 2661 288 2716 illi
306 2660 336 2715 id
354 2664 416 2715 erat
432 2675 540 2714 nomen.
587 2660 632 2715 So.
667 2660 756 2714 teneo.
803 2658 841 2713 Su
879 2658 1038 2714 Phaedrum
1055 2664 1109 2714 aut

828 2739 945 2797 Cliniam

212 2864 235 2903 ⁶0
248 2822 378 2878 dicebant
394 2824 444 2877 aut
460 2822 487 2876 N
489 2821 635 2876 iceretum:
652 2837 716 2876 nam
734 2821 763 2876 hi
779 2823 838 2878 tres
855 2823 916 2877 tem
934 2820 1017 2877 simul

248 2905 388 2961 emebant.
424 2903 499 2972 ‘eho,
518 2903 586 2972 quid
604 2902 793 2973 Pemphiluoi'
811 2903 923 2972 “quidt
940 2903 1100 2960 :embolum

248 2984 335 3052 dedit,
355 2983 485 3039 cenavit.”
513 2982 678 3052 gaddebam.
708 2982 777 3038 item
795 2983 848 3038 alie
865 2984 912 3039 die

249 3066 430 3137 quaerebam:
448 3064 648 3135 comperiebam
665 3065 704 3118 nil
721 3063 759 3120 ad
776 3065 952 3137 Pemphilum
1072 3073 1109 3122 90

249 3147 396 3217 quicquam
416 3146 543 3202 ettinere.
573 3145 646 3199 enim
664 3146 728 3200 vero
745 3147 903 3214 spectatum
920 3146 989 3202 satie

211 3274 235 3314 ⁶5
248 3227 382 3297 putebam
399 3231 429 3282 et
445 3243 574 3296 magnum
591 3226 746 3295 exemplum
764 3227 964 3284 continentiae:

247 3325 311 3363 nam
328 3308 376 3378 qui
394 3324 457 3362 cum
473 3306 592 3375 ingeniis
610 3305 785 3362 cenflictatur
802 3307 863 3362 eius
879 3307 956 3362 modi

247 3405 339 3458 neque
356 3390 545 3443 cemmovetur
562 3386 669 3441 enimus
686 3387 715 3440 in
733 3405 767 3443 ca
783 3389 814 3443 re
830 3392 934 3456 tamen,

248 3471 316 3525 ecies
332 3471 414 3539 pesse
430 3470 534 3526 habere
551 3470 606 3524 iam
624 3468 714 3540 ipsum
733 3485 800 3525 suae
816 3470 890 3527 vitae
906 3469 1028 3527 modum.
1071 3479 1107 3527 95
