2310 4050
187 278 235 326 roa
514 277 544 341 r.
563 251 717 330 1111111111
836 280 874 344 [1
885 283 909 339 1,
922 280 988 338 1-1,
997 276 1028 327 a.

127 382 153 434 V
166 397 176 436 ⁷
190 390 296 446 tanttm
314 390 452 446 fortunam
470 390 507 446 de
524 391 664 462 inproviso
682 408 744 447 esso
761 391 807 446 his
825 390 929 448 datam.

190 488 297 527 summa
315 470 444 527 tludondi
462 471 597 527 occasiost
613 472 680 527 mihi
697 472 770 528 nunc
788 489 869 529 sones
992 474 1031 528 au

191 557 221 608 ot
240 553 394 609 Phatdriao
411 570 506 609 auram
525 555 649 609 tdimoro
666 554 866 624 argenttriam
997 563 999 567 '

191 652 227 690 no
245 635 394 704 quoiquam
412 652 523 690 suorum
541 635 696 705 aequalium
714 635 834 706 suppltx
851 636 913 691 siat

170 732 256 773 onam
275 715 348 770 idem
366 716 418 771 hoo
437 720 592 785 argentum,
613 716 704 771 itaut
722 717 855 786 datumst,
874 715 994 786 ingratis

33 776 71 887 †
194 798 220 853 ei
239 798 336 852 dttum
355 799 424 852 orit:
448 797 500 852 hoo
517 797 564 867 qui
584 799 687 866 abgam,
704 813 736 852 ro
753 797 815 867 ipsa
832 798 948 867 rtppor‘u

194 897 266 934 nuno
283 881 378 948 gtstus
394 879 462 933 mihi
479 878 627 949 voltusque
645 882 688 934 est
705 879 860 949 capiundhs
877 895 968 934 novos
996 881 1035 935 899

196 962 247 1016 sed
263 960 328 1014 hino
346 960 495 1015 concedam
512 960 540 1014 in
557 959 732 1029 {angiportum
750 961 803 1015 hoo
820 962 989 1031 prtxumum,

196 1041 261 1096 inde
279 1041 355 1094 hisco
372 1040 516 1094 ostendam
533 1056 586 1107 me,
605 1040 653 1094 ubi
671 1042 752 1095 erunt
770 1042 877 1110 egrossi
894 1041 974 1097 foras

164 1138 186 1175 ro
199 1138 253 1193 quo
271 1138 315 1175 mo
332 1119 528 1176 tdsimularam
545 1121 587 1175 iro
604 1120 643 1175 td
659 1124 822 1190 mercatum,
840 1123 894 1177 utu
912 1138 953 1177 eo.
982 1179 989 1197 ,
1045 1165 1049 1175 .

374 1260 521 1314 1111111110.
557 1259 705 1315 Cursum.
742 1258 889 1316 Puouuro.

139 1367 163 1419 V
177 1384 189 1420 ⁸
203 1375 252 1428 Du.
270 1373 321 1428 Dis
338 1373 452 1442 magnas
470 1371 568 1426 morito
586 1371 691 1440 grttias
707 1371 798 1427 habeo
814 1372 904 1442 {atquo
919 1386 977 1442 ago,

202 1455 312 1522 quando
329 1457 443 1510 tranare
461 1455 530 1509 haoo
547 1453 633 1521 uthis,
651 1454 745 1522 frater,
763 1456 905 1524 prospere.
1003 1455 1041 1506 991

169 1539 255 1593 11011.
274 1541 353 1591 estno
369 1536 412 1591 ita
428 1537 471 1591 uti
490 1535 548 1590 diui
566 1534 707 1590 liberalis?
742 1535 793 1590 Du.
811 1536 922 1607 tppido.
1038 1537 1042 1543 '

203 1617 337 1688 quantum
354 1620 455 1686 potest,
471 1633 544 1672 nuno
562 1617 765 1672 odnveniundus
783 1618 950 1686 Phormiost,

204 1700 281 1770 prius
298 1699 382 1768 quam
400 1697 535 1764 dilapidat
552 1698 660 1751 abstras
677 1698 794 1766 trigiutt
811 1699 903 1754 minas
959 1730 963 1739 ·

181 1785 237 1840 sut
255 1780 417 1835 adferamus.
456 1779 511 1832 Pu.
530 1777 731 1847 Dtmiphonem
749 1779 774 1832 si
792 1777 898 1834 domist

205 1864 299 1927 risam,
311 1860 343 1914 ut
355 1858 451 1929 quod..
495 1859 545 1914 Du.
564 1862 594 1912 at
606 1876 656 1913 nos
668 1859 704 1913 td
716 1865 746 1913 to
757 1859 874 1930 ibamus,
888 1858 1017 1917 Phormio.

207 1946 260 2000 Pu.
278 1943 314 1999 do
326 1943 424 1997 eadem
437 1942 489 1996 hta
501 1942 616 1996 fortasse
628 1941 729 1998 causat
759 1941 810 1996 Du.
829 1943 872 1997 ita
883 1943 984 1999 herulo.
1007 1938 1049 1993 Pa

760 2021 883 2078 ortdidi:
1010 2022 1049 2074 991

209 2106 277 2177 quid
295 2106 332 2160 td
349 2122 394 2160 mo
411 2104 514 2159 ibatis?
543 2102 707 2159 ridiculum:
727 2104 899 2159 verebtmini

209 2205 245 2243 no
262 2189 316 2242 nou
334 2185 364 2240 id
381 2187 501 2240 facerem
519 2182 593 2252 qutd
611 2184 775 2254 recepisstm
793 2186 900 2243 semol?

177 2289 197 2326 io
210 2272 285 2337 heus,
305 2268 410 2338 quhnta
427 2269 531 2337 quanta
548 2264 615 2320 haec
633 2266 694 2319 mta
710 2269 860 2337 paupertas
878 2268 929 2336 tot,
947 2271 1032 2323 11111111

211 2350 301 2405 adhuc
318 2349 411 2404 ouravi
423 2363 508 2400 unum
525 2346 576 2400 htc
594 2345 715 2416 quidem,
727 2348 760 2400 ut
771 2345 811 2399 mi
828 2349 903 2403 esstt
916 2346 992 2403 fidos.
1013 2346 1054 2400 999

211 2432 295 2501 idque
313 2429 351 2484 sd
368 2446 415 2483 vos
434 2426 513 2482 venio
531 2425 699 2496 nuntiatum,
716 2426 862 2497 Dbmipho‚

211 2514 340 2582 partitum
358 2527 402 2564 me
420 2526 497 2563 osse:
521 2507 569 2562 ubi
587 2508 675 2576 voltis,
692 2509 805 2564 uxortm
822 2509 897 2565 dato.
1064 2570 1068 2575 ,

179 2605 200 2643 15
213 2610 275 2648 nam
294 2591 382 2646 omnis
400 2588 548 2660 posthabui
565 2588 633 2642 mihi
650 2605 703 2656 ros,
721 2590 761 2645 ita
777 2589 820 2644 uti
837 2591 891 2659 ptr
905 2590 969 2660 fuit,

213 2672 360 2745 postqutm
378 2673 457 2725 tanto
469 2685 551 2738 opere
563 2668 594 2722 id
610 2670 658 2723 vta
669 2668 741 2724 vello
752 2669 875 2724 animum
889 2670 1058 2726 advtrteram

215 2758 266 2811 Du.
285 2757 315 2808 at
331 2752 378 2807 hio
397 2751 562 2805 dehortatus
580 2750 622 2803 ost
639 2766 692 2820 me,
710 2767 745 2805 ne
763 2749 839 2805 illam
858 2751 913 2806 tibi
932 2752 1037 2807 dorsum

215 2841 295 2892 ‘nam
313 2834 362 2904 qui
380 2833 433 2888 erit
452 2830 558 2885 rumor’
576 2830 673 2898 inquit,
695 2831 738 2886 ‘id
756 2831 779 2885 si
796 2832 916 2890 ftoorist

215 2919 280 2973 oiim
299 2933 381 2987 quom
398 2914 513 2967 honesto
529 2910 630 2980 potuit,
648 2914 710 2966 tum
727 2930 781 2967 non
799 2914 843 2968 ost
861 2913 946 2970 data:

182 3027 204 3065 20
216 3017 289 3055 nuno
305 2998 418 3053 viduam
436 2992 548 3048 extrudi
565 2991 700 3061 turpast’:
723 2992 811 3047 fermo
828 2994 929 3049 eadem
945 2990 1031 3051 omnia

218 3099 289 3152 quae
306 3080 367 3136 trite
385 3075 490 3130 dudum
509 3074 599 3128 otram
617 3089 662 3128 mo
680 3072 861 3129 incusaverat,
891 3066 894 3070 ⁴

219 3165 272 3219 Pu.
296 3161 366 3217 satis
388 3155 507 3227 superbo
529 3154 653 3210 inhiditis
671 3169 724 3211 me.
768 3155 821 3211 Du.
840 3155 913 3225 quii
962 3156 1014 3211 Pu.
1027 3166 1064 3208 ro·

773 3236 844 3304 gast
1021 3237 1063 3291 911

220 3323 284 3396 quia
301 3339 336 3377 ne
354 3323 470 3376 alteram
488 3316 602 3386 quidem
618 3315 695 3370 tilam
711 3318 810 3386 potero
827 3316 950 3373 duosro:

220 3422 284 3460 nam
303 3405 358 3472 quo
376 3401 473 3457 redibo
490 3414 538 3480 oro
555 3398 592 3453 td
609 3415 671 3453 eam
688 3413 772 3466 quam
790 3396 1021 3469 oouttmpsorimt

186 3487 275 3545 11011.
295 3487 369 3541 ‘tum
387 3487 481 3539 autem
498 3481 687 3550 Antiphonem
704 3478 787 3534 video
804 3479 839 3534 ab
857 3495 919 3535 soso
936 3479 1057 3535 amittere

222 3567 339 3622 invitum
357 3564 429 3620 oam’
447 3564 538 3636 inquo.
574 3561 624 3617 Du.
643 3563 705 3616 tum
722 3560 816 3616 attam
833 3559 916 3617 video
933 3560 1025 3616 filium
