2310 4050
167 294 213 345 111
224 297 250 355 3,
261 297 382 359 27-60.]
517 298 716 348 ADELPHOE.
978 301 1026 352 269

166 410 213 467 fac
230 412 406 468 miscerentur
423 400 633 522 pdlchressllu.
650 415 680 469 di
697 417 820 471 vostram
839 414 932 485 fidem,

166 492 264 549 utrdm
282 494 412 550 studione
429 496 459 550 id
476 496 530 551 sibi
548 496 635 551 habet
651 514 686 551 an
704 496 782 551 laudi
798 501 883 567 putat

167 571 238 640 iore,
256 573 282 628 si
298 573 453 644 perdiderit
469 577 605 645 gnatuml
623 594 674 632 rae
693 578 793 633 misero
812 577 888 632 mihi.

132 654 266 710 assidere
282 656 380 710 videor
395 656 451 711 itm
469 656 544 712 diem
560 658 646 727 illum,
665 675 748 728 quom
767 657 831 712 hinc
850 675 934 728 egens

168 738 312 809 proldgiot
329 740 422 809 aliquo
438 741 597 797 militatum.
633 743 679 798 ΒΥ.
698 759 714 796 o
732 742 844 810 Demea,
976 749 1028 799 385

169 820 243 877 istdc
260 826 304 877 est
321 839 425 891 sapere,
444 824 500 878 non
519 823 594 893 quod
611 827 676 879 ante
693 824 779 894 pedes
794 823 906 878 modost

169 902 274 971 videre,
292 903 342 959 sed
360 904 445 959 etiam
463 904 511 960 illa
529 923 600 974 quae
617 907 712 960 futura
731 908 796 960 sunt

168 985 337 1056 prospicere.
373 987 426 1040 Du.
445 985 529 1056 qnidl
546 987 633 1041 istaec
643 987 699 1041 iarn
712 1002 797 1055 penes
809 1002 857 1039 vos
869 985 1030 1054 psaltriastl

133 1077 158 1119 ss
171 1064 216 1120 ΒΥ.
236 1064 317 1119 ellam
336 1064 421 1120 intus.
458 1066 509 1121 Da
529 1067 590 1136 eho,
609 1084 644 1121 an
662 1066 766 1121 domist
784 1064 947 1120 habiturus?
983 1065 1030 1120 ΒΥ.

725 1147 814 1215 credo,
833 1150 866 1201 ut
883 1149 927 1201 est

171 1226 320 1284 dementia.
355 1228 407 1284 ΒΥ.
427 1228 524 1284 haeciu
541 1229 621 1284 fieri!
659 1229 702 1284 ΒΥ.
720 1229 817 1299 inepta
833 1227 932 1282 leuitas
978 1232 1031 1282 390

170 1311 260 1380 patris
278 1310 307 1366 et
324 1310 442 1366 facilitas
458 1311 551 1380 prava
587 1311 639 1365 Du.
657 1310 752 1364 fratris
770 1310 813 1364 rut
831 1309 944 1378 quidem

171 1391 260 1461 pudet
277 1393 418 1463 pigetque.
453 1392 498 1447 ΒΥ.
516 1391 631 1446 nimium
649 1391 797 1459 intervos,
815 1392 926 1458 Demea,

173 1474 238 1542 (nou
250 1475 317 1542 quia
328 1474 395 1528 ades
413 1489 544 1543 praesens
556 1473 618 1527 dico
630 1472 694 1540 hoc)
712 1472 878 1542 pernimium
893 1471 968 1556 inter
979 1473 1031 1526 est.

135 1573 159 1611 so
172 1559 212 1622 tu,
226 1555 347 1624 quantus
365 1555 501 1625 quantu’s,
520 1554 560 1609 nil
577 1555 630 1609 nisi
648 1555 784 1625 sapientia
802 1570 840 1622 es,

171 1637 220 1691 ille
237 1637 381 1692 somnium.
415 1653 488 1690 aum
507 1636 613 1692 sineres
630 1652 696 1691 vero
714 1636 793 1690 illum
811 1640 889 1691 tuom
979 1641 1031 1691 395
1132 1694 1138 1707 ,

171 1721 265 1776 facere
289 1718 371 1774 hecel
407 1718 459 1774 Du.
485 1719 605 1773 sinerem
629 1718 728 1772 illumi
755 1721 805 1773 aut
826 1719 881 1772 u6n
898 1734 947 1772 sex
964 1719 1033 1774 totis

722 1799 861 1855 mensibus

172 1882 252 1955 prins
269 1881 429 1948 olfecissem,
448 1882 531 1951 quam
549 1880 597 1935 ille
615 1880 763 1951 quicquam
782 1882 927 1951 coeperetl

174 1969 220 2024 ΒΥ.
238 1964 409 2036 vigilantiam
427 1969 504 2020 tuam
523 1966 555 2020 tu
573 1965 641 2019 mihi
658 1967 770 2020 narras?
805 1964 857 2020 ua.
877 1966 986 2021 sicelet

135 2069 161 2111 ιι
171 2049 279 2122 [modo]
291 2052 324 2104 ut
336 2051 413 2103 ndnc
424 2050 475 2118 est,
488 2064 599 2119 quaeso.
633 2048 678 2103 ΒΥ.
698 2052 731 2102 ut
749 2048 867 2119 quisque
879 2066 958 2104 suom
975 2049 1034 2104 volt

729 2131 796 2199 esse,
808 2131 883 2185 itast.

174 2216 226 2271 Dn
239 2214 308 2284 quid
321 2213 402 2268 euml
419 2211 532 2266 vidistin
544 2211 642 2266 hodiel
673 2210 718 2265 ΒΥ.
730 2213 845 2265 tuomue
856 2210 964 2265 liliuml
981 2217 1033 2266 400

134 2290 140 2303 ’
173 2296 286 2366 abigam
306 2293 379 2349 hunc
399 2309 454 2348 rus.
480 2290 661 2346 iamdudum
682 2289 788 2360 aliquid
807 2291 865 2344 ruri
888 2307 973 2359 agere
992 2291 1035 2345 lar·

728 2370 824 2426 bitror.

175 2459 228 2514 Dm
248 2458 320 2514 satin
332 2457 386 2513 scis
396 2455 436 2510 ibi
447 2445 524 2510 esset
561 2453 607 2508 ΒΥ.
625 2452 669 2521 oh,
682 2468 765 2523 quem
778 2454 888 2521 egomet
906 2451 1035 2522 produxi,

728 2533 780 2587 Du.
798 2534 954 2602 optumest:

174 2619 266 2676 metui
282 2618 464 2675 ue'haereret
480 2616 533 2671 hic.
568 2613 614 2669 ΒΥ.
632 2617 718 2683 atque
736 2613 838 2668 iratum
858 2614 1017 2668 admodum.

138 2720 163 2761 ω
176 2703 228 2758 ΒΥ.
248 2701 317 2772 qnid
337 2699 449 2755 adteml
484 2697 531 2753 ΒΥ.
548 2695 664 2751 adortus
683 2694 802 2762 iurgiost
822 2695 939 2749 fratrem
959 2694 1035 2764 tpud

732 2775 823 2829 forum

176 2867 212 2922 de
222 2862 342 2936 pstltria
353 2862 430 2917 istac.
440 2834 517 2915 ch.
531 2859 576 2914 ain
588 2858 670 2912 verol
699 2855 745 2909 ΒΥ.
759 2871 783 2923 a,
795 2853 834 2907 nil
846 2854 964 2911 reticuit
983 2860 1035 2909 405

175 2966 241 3006 nam
259 2949 292 3001 ut
307 2942 505 2999 numerabatur
521 2941 593 2994 ftrte
610 2940 763 3007 argentum,
780 2935 930 2990 intervenit

174 3030 260 3085 homo
277 3027 314 3082 de
330 3023 483 3095 inproviso:
502 3021 594 3091 coepit
611 3019 730 3074 clamare
748 3017 781 3070 ‘o
799 3014 944 3084 Aeschine,
996 3084 999 3090 Ι

176 3107 295 3165 haecine
311 3104 416 3174 flagitia
432 3102 523 3157 facere
540 3104 582 3156 te!
610 3099 680 3153 haec
698 3100 727 3151 te
745 3094 896 3151 admittere

143 3204 164 3246 ss
175 3189 295 3259 indigna
310 3201 413 3256 genere
432 3182 554 3237 nostrol’
590 3180 641 3234 Du.
661 3179 704 3246 oh,
722 3178 845 3232 lacrumo
862 3174 971 3245 gaddio.

177 3271 224 3328 ΒΥ.
243 3274 316 3324 ‘uon
327 3271 360 3322 tu
371 3266 422 3320 hoc
433 3267 579 3334 argentum
592 3260 691 3329 perdis,
703 3258 753 3313 sed
765 3258 852 3312 vittm
863 3256 956 3312 tuam!
983 3263 1035 3312 410

177 3353 230 3409 Dn
242 3350 330 3406 salvos
343 3348 393 3403 sit:
405 3362 495 3417 spero,
503 3348 546 3400 est
558 3343 654 3398 similis
662 3340 796 3397 maiortm
810 3356 895 3394 suom.
923 3340 968 3394 ΒΥ.
982 3339 1036 3393 hui.

177 3434 230 3489 Dra
251 3430 329 3502 Syre,
340 3428 550 3501 praeceptorum
562 3425 674 3495 plenum
685 3423 800 3478 istorum
815 3420 867 3475 sslc.
904 3420 949 3475 ΒΥ.
966 3419 1036 3490 phy:

177 3513 255 3572 domi
273 3511 374 3567 habuit
390 3509 465 3564 uude
482 3508 612 3563 disceret.
647 3507 699 3560 Du.
716 3505 750 3559 fit
767 3503 878 3560 sedulo:

138 3613 163 3665 οε
175 3594 218 3657 nil
234 3591 444 3668 praetermitto:
462 3587 647 3647 otmuefacio:
666 3586 785 3656 denique
