2310 4050
145 297 336 362 v4‚11-aa]
502 303 650 353 anema
955 306 1003 357 mv

143 415 208 468 nim
224 431 317 485 neque
335 417 365 470 in
382 418 478 472 nuntio
489 435 581 488 neque
598 419 628 472 in
645 434 690 472 me
707 419 766 486 ipso
783 419 836 474 tibi
853 419 919 475 boni
936 423 1004 491 quid

703 502 741 557 sit
760 503 822 557 seio.

142 575 218 633 Pau.
234 577 305 647 egon
317 580 366 647 qui
378 580 414 635 ab
426 597 491 636 orco
506 582 644 637 mortuom
660 598 705 637 me
723 584 853 639 reducem
870 585 899 638 in
914 585 1003 640 lucem

701 664 797 718 feceris

140 739 234 795 einaim
255 741 316 796 sine
340 758 454 798 munere
477 743 495 797 a
515 759 560 798 me
583 744 681 800 abiret
719 746 879 813 animiam
901 765 946 803 me
964 749 1004 802 in-

699 828 810 894 gratum
827 833 918 899 putas.

139 903 193 958 sed
211 904 383 959 Baieehidem
401 922 494 961 eeoam
511 905 593 962 video
611 909 687 962 stare
705 913 770 962 ante
789 911 906 963 ostium:

122 1001 188 1040 ime
206 986 338 1053 expectat
355 986 456 1041 oredo:
480 987 571 1041 adibo.
609 988 659 1042 ΒΔ.
678 988 761 1056 salve,
780 989 932 1059 Pamphile.
952 996 1003 1046 855

139 1064 217 1118 Pan.
238 1082 255 1119 o
273 1065 398 1133 Bacchis,
417 1085 434 1122 o
451 1084 513 1122 mea
531 1068 655 1134 Bacchis,
673 1070 810 1123 servatrix
827 1087 896 1124 mea.

138 1147 198 1202 ΒΔ.
216 1145 408 1203 benefactum
420 1153 449 1204 et
461 1150 543 1218 volup
561 1153 612 1204 est.
647 1150 722 1204 Pan.
740 1152 822 1206 fietis
840 1157 872 1206 ut
889 1151 1002 1206 credam

702 1234 785 1288 lueis:

136 1313 343 1385 antiquamque
360 1314 430 1368 adeo
447 1316 527 1368 tuim
545 1317 719 1370 venustatem
736 1316 850 1383 obtines,

136 1401 185 1452 uti
201 1395 341 1466 voluptati
362 1397 463 1464 obitus,
484 1413 576 1451 sermo
598 1397 669 1465 tuos,
690 1415 745 1466 quo
766 1414 904 1468 quomque
921 1396 1002 1452 advi-

701 1480 783 1546 neris,

122 1560 253 1630 »semper
271 1560 315 1614 sit.
351 1559 401 1616 Ba
421 1577 453 1615 ao
465 1563 498 1614 ιιι
510 1560 619 1614 ecastor
636 1576 741 1614 morem
760 1561 903 1629 antiquom
916 1562 1002 1628 atque

701 1640 842 1708 ingenium
861 1641 978 1708 obtines,

136 1723 172 1776 ut
196 1720 272 1774 tinus
293 1721 414 1774 omnium
437 1720 520 1774 homo
540 1724 570 1775 te
590 1720 665 1774 vivat
684 1719 835 1789 numquam
857 1720 1001 1789 quisquam

700 1801 836 1856 blandior.
950 1808 999 1856 861

137 1882 216 1958 Pan.
236 1882 369 1953 hahahae'e,
381 1886 432 1938 tun
451 1883 489 1937 mi
502 1883 595 1938 istucl
631 1883 682 1936 BA.
700 1883 776 1936 reete
794 1883 901 1950 amasti,
921 1882 1001 1936 Pam-

688 1963 771 2032 phile‚
784 1965 898 2018 uxorem
911 1967 1001 2018 tuam:

136 2063 206 2101 nam
224 2045 376 2115 numquam
394 2049 460 2100 ante
477 2045 550 2100 hune
562 2044 635 2099 diem
653 2045 723 2098 meis
740 2044 825 2098 oeulis
843 2046 912 2111 eim,
928 2046 1002 2112 quod

700 2141 815 2193 nossem,
834 2127 971 2180 videram:

136 2209 317 2281 perliberalis
334 2209 428 2264 visast.
475 2210 548 2263 Pau.
572 2207 617 2262 die
629 2224 732 2262 verum.
778 2207 828 2262 BA.
846 2208 888 2261 ita
906 2224 952 2260 me
973 2207 1003 2259 di

696 2291 797 2353 ament,
817 2288 966 2357 Pamphile.

122 2376 219 2429 iPAn.
239 2372 284 2427 dio
297 2373 343 2442 mi,
356 2373 454 2428 harum
473 2387 567 2426 rerum
585 2370 721 2438 numquid
741 2371 812 2423 dixti
829 2372 891 2424 meo
908 2371 1003 2439 patrii

449 2456 499 2508 BA.
517 2454 563 2507 nil.
601 2452 673 2504 Pam.
691 2452 780 2520 neque
792 2467 860 2520 opus
873 2456 916 2506 est
951 2457 1002 2506 865

137 2537 212 2592 adet
234 2537 359 2591 muttito.
392 2536 485 2604 placet
508 2551 563 2589 non
586 2533 647 2587 fieri
670 2532 721 2587 hoe
743 2533 841 2587 itidem
861 2533 940 2586 utin
959 2550 1003 2587 eo-

701 2614 825 2681 moe‘diis‚

137 2703 236 2758 omnia
254 2702 348 2755 omnes
366 2701 415 2755 ubi
432 2699 592 2755 resciscunt.
618 2698 665 2753 hie
688 2715 757 2766 quos
778 2698 870 2752 fuerat
886 2713 938 2766 par
964 2713 1006 2750 re-

698 2779 816 2832 sciscere

138 2867 253 2922 sciunt:
279 2880 348 2932 quos
365 2880 420 2918 non
437 2867 531 2918 autem
548 2863 692 2932 aequomst
711 2860 789 2927 seire,
807 2860 895 2926 neque
910 2855 1006 2910 reseis-

701 2946 765 2996 oent
784 2942 873 3009 neque
892 2940 988 2993 seiont.

139 3032 196 3087 Ba
217 3029 305 3084 immo
318 3028 405 3082 etiam
418 3029 466 3096 qui
477 3028 530 3082 hoo
542 3027 675 3082 occultari
686 3023 793 3078 facilius
806 3021 903 3076 eredas
915 3019 996 3074 dabo.

122 3111 275 3186 »Myrrina
292 3110 333 3165 ita
352 3110 492 3180 Phidippo
510 3111 590 3178 dixit,
610 3109 666 3163 iuri
683 3105 797 3160 iurando
815 3120 876 3157 meo
956 3105 1007 3158 870
1112 3148 1115 3154 ,

140 3195 172 3250 se
190 3192 278 3247 fidem
291 3190 421 3247 habuisse
433 3194 462 3247 et
474 3197 622 3262 propterea
634 3191 663 3244 te
676 3188 728 3323 silgi
740 3190 897 3321 purgamum.
933 3185 1006 3238 Pan.

819 3285 831 3320 s
854 3288 860 3322 ε

142 3356 284 3426 speroque
294 3352 368 3407 hane
379 3371 439 3408 rem
452 3372 513 3410 esse
526 3357 687 3410 eventuram
699 3275 824 3404 ngffii
837 3346 981 3403 sententia.

144 3439 217 3493 Pan„
238 3438 293 3505 ere,
312 3435 414 3490 licetne
432 3437 504 3491 seire
516 3454 551 3492 ex
570 3441 599 3491 te
617 3431 789 3568 lmdie’bqu‘i}
808 3432 845 3485 sit
864 3430 939 3500 quod
955 3427 1010 3482 feci

721 3529 767 3567 om
