2310 4050
168 246 202 298 so
500 247 529 298 P.
546 246 698 299 rourum
857 247 1018 312 use-so.

168 362 244 418 itane
262 362 400 420 dbstinsts
417 365 532 434 operim
552 364 609 434 det,
631 367 664 421 ut
687 380 733 420 me
751 382 768 419 a
788 365 918 438 Glycerio
941 365 1021 420 mise·

740 463 803 502 rum
821 447 985 504 ibstrehsti

169 524 287 595 quodsi
305 525 346 594 fit,
364 542 449 596 pereo
468 527 603 584 funditus.

135 619 157 660 ro
169 606 259 663 ideou
274 606 414 665 hominem
430 624 491 664 esse
509 609 685 666 invenustum
704 612 755 665 sut
772 608 908 666 infelicem
929 609 1023 680 quim-

644 695 842 762 qusm‚utego
854 695 930 747 sum!
969 696 1022 745 245

167 770 219 839 pri
237 769 320 827 deum
337 774 423 841 utque
441 771 583 829 hominum
600 773 699 829 fidem!

167 850 264 907 nullon
294 868 346 921 ego
381 851 536 910 (ihremttis
568 857 650 923 pecto
681 853 861 908 adfinitatem
892 853 1028 923 ecfrigere

728 936 860 1005 'poteret

167 1013 238 1085 quit
254 1011 344 1069 modis
360 1014 542 1085 contimptus
559 1018 684 1086 spretus!
707 1016 790 1084 ficta,
808 1017 951 1070 maumas
968 1013 1025 1068 dm

739 1096 792 1150 nis
827 1095 899 1165 hem,

168 1175 329 1254 ripudistm
345 1176 471 1248 ripetor:
490 1195 573 1248 quem
590 1179 706 1235 obrcmt
721 1178 776 1232 nisi
794 1178 816 1232 si
832 1178 863 1232 id
880 1180 932 1246 est,
949 1178 1025 1249 quod

743 1275 883 1329 suspicor:

135 1342 276 1414 rsiliquid
297 1342 414 1399 monstri
437 1344 533 1399 dont:
563 1359 597 1398 es
625 1342 755 1413 quonium
783 1342 883 1397 nemini
910 1341 1026 1398 obtrudi

742 1425 843 1492 potest,
972 1429 1026 1478 250

168 1505 228 1562 itur
244 1504 281 1559 od
297 1521 350 1560 me.
391 1504 449 1560 Mu.
481 1504 571 1560 critic
588 1504 657 1559 hsce
674 1520 719 1558 me
736 1504 866 1559 miseram
884 1505 1026 1560 exanima-

742 1586 785 1640 vit
801 1588 886 1641 metu.

170 1669 220 1724 ΡΑ.
254 1683 320 1723 num
336 1665 405 1736 quid
420 1682 471 1736 ego
490 1664 581 1723 dicam
598 1664 633 1721 di
649 1667 749 1735 petrei
767 1685 785 1722 o

169 1754 312 1809 tsnttmuc
323 1768 381 1806 rem
393 1755 453 1808 tum
460 1751 639 1821 neglegenter
648 1753 745 1820 igere!
761 1751 930 1821 praeteritus
941 1750 1028 1807 modo

169 1835 208 1890 mi
225 1834 301 1905 ispud
311 1835 402 1893 forum
422 1836 507 1890 ‘uxor
520 1835 574 1890 tibi
586 1835 747 1905 ducendast,
763 1822 915 1906 Pimphile
928 1834 1025 1891 hodic'

740 1916 840 1986 inquit,
857 1917 954 1987 ‘pursz

135 1996 216 2054 ethi
246 1995 373 2055 domum!
401 1995 433 2052 id
451 1996 522 2052 mihi
539 1994 627 2054 visust
650 1997 743 2054 dicere
762 1998 822 2052 ‘sbi
840 1998 896 2054 cito
912 2015 945 2053 sc
968 2014 1028 2052 sus-
1073 2018 1076 2023 ·

743 2079 835 2150 pende
851 2079 896 2135 te!
974 2084 1027 2133 265

171 2156 308 2229 dbstipui:
327 2158 426 2215 censen
442 2176 487 2214 me
505 2161 620 2216 verbum
637 2161 761 2231 pdtuisse
778 2161 865 2215 ullum
880 2160 1028 2230 proloqui?

171 2242 256 2298 ullum
278 2256 397 2311 curuum,
419 2241 541 2311 ineptam
561 2242 660 2297 saltem
682 2243 781 2297 filssm
805 2242 945 2312 iniquum?
969 2256 1028 2295 cm-

745 2323 843 2378 mutui

172 2405 249 2476 quod
270 2405 294 2460 si
317 2418 368 2473 ego
391 2401 563 2461 rescivissem
585 2403 615 2459 id
638 2405 723 2475 prius,
748 2403 817 2474 quid
839 2403 969 2473 ficerem,
992 2403 1029 2459 si-

745 2485 806 2554 quis
824 2484 868 2538 mi
888 2488 984 2553 roget:

172 2566 278 2638 iliquid
300 2566 428 2636 facerem,
447 2569 481 2622 ut
501 2565 554 2620 hoc
572 2581 608 2620 ne
630 2565 757 2622 iacerem
791 2564 840 2618 sid
863 2580 935 2619 nuno
958 2564 1028 2634 quid

748 2646 867 2715 primum
881 2647 1017 2716 irequuri

138 2732 217 2789 sctit
239 2747 286 2786 me
304 2730 451 2802 inpediunt
473 2730 565 2800 curse,
588 2744 660 2799 quse
679 2744 772 2784 meum
794 2727 915 2782 inimum
936 2728 1027 2783 divor-

163 2857 166 2863 .
746 2810 792 2865 ssi
812 2809 944 2865 trahunt:
974 2815 1028 2866 260

173 2911 258 2963 umor,
275 2891 465 2950 misericordie
482 2891 574 2960 hriius,
593 2891 755 2962 nuptiirum
776 2890 939 2959 sollicititid

173 2980 234 3033 tum
254 2975 347 3047 pistris
364 2974 461 3045 pudor,
479 2973 528 3043 qui
546 2973 592 3030 mi
608 2976 668 3029 tum
684 2973 739 3028 leni
758 2973 857 3041 poiseus
873 2974 918 3026 est
935 2970 1028 3026 animo

746 3055 836 3123 iusque
854 3052 944 3107 adhuc
1083 3048 1086 3055 ’

175 3155 246 3210 quse
263 3140 325 3195 med
342 3152 480 3209 quomque
495 3136 587 3192 animo
604 3135 752 3192 libitumst
770 3135 869 3190 fucere.
897 3133 959 3189 eine
976 3133 1028 3204 ego

701 3221 735 3275 ut
745 3218 897 3275 advorsert
911 3217 1028 3273 etmihi.

174 3302 337 3359 incirtumst
359 3301 428 3373 quid
450 3317 539 3371 scum.
596 3299 655 3355 Mr.
690 3299 793 3355 misere
815 3298 901 3354 timeo
926 3298 1029 3355 ‘inctr-

578 3380 670 3435 tumet’
688 3380 741 3436 hoc
761 3396 892 3451 quorsum
911 3379 1030 3438 iccidst.

141 3486 164 3529 so
176 3465 227 3522 sed
242 3465 316 3523 nunc
332 3480 452 3536 peropus
469 3466 521 3534 est,
539 3463 594 3520 suit
606 3462 680 3517 hunc
700 3478 763 3517 cum
782 3462 843 3532 ipss
860 3463 910 3517 sut
927 3460 964 3516 de
981 3461 1032 3518 ills

622 3558 668 3598 me
685 3542 832 3599 advorsum
850 3541 925 3597 hinc
943 3541 1029 3613 loqui
