2310 4050
421 573 702 643 PROLOGVS.

468 827 649 837 ———

32 1048 36 1057 ·
137 1017 225 1091 Poeta
242 1051 325 1106 quom
343 1036 463 1107 primum
481 1037 604 1091 enimam
622 1036 659 1091 ad
677 1036 853 1092 scribendum
872 1036 991 1108 edpulit,

135 1116 165 1172 id
183 1117 236 1172 sibi
252 1118 346 1187 negoti
363 1118 482 1174 credidit
499 1119 589 1174 solium
607 1118 676 1181 dari,

135 1200 237 1270 populo
255 1200 289 1254 iit
305 1200 446 1270 placerent
464 1203 535 1270 ques
552 1201 665 1255 fecisset
682 1201 798 1256 i'abulas.

136 1297 231 1336 verum
250 1281 333 1338 eliter
350 1282 461 1338 evenire
478 1284 566 1337 multo
583 1283 733 1352 intellegit:

136 1379 201 1418 nam
218 1363 247 1417 in
264 1365 385 1434 prelogis
403 1363 559 1419 scribundis
577 1380 688 1435 operam
706 1364 840 1433 obiititur,
974 1371 989 1418 5

136 1461 191 1500 non
208 1446 256 1516 qui
275 1447 468 1514 ergumeutum
486 1448 591 1514 narret,
609 1447 659 1501 sed
676 1449 723 1516 qui
742 1446 871 1502 melevoli

136 1525 240 1582 veteris
257 1531 357 1596 poetae
374 1525 531 1582 meledictis
549 1528 722 1598 respendeat.

136 1625 217 1676 nunc,
235 1609 320 1678 quem
337 1624 397 1662 rem
405 1607 480 1687 ‘vitio
497 1609 572 1678 dent,
588 1626 691 1679 quaeso
707 1610 828 1665 animum
844 1609 992 1667 attendite

136 1688 293 1744 Menender
308 1689 376 1744 feeit
394 1690 530 1745 Andriam
548 1694 578 1746 et
596 1691 773 1747 Perinthiam.

137 1769 185 1840 qui
202 1770 337 1824 utremvis
354 1775 429 1826 recte
446 1771 528 1841 uerit,
547 1771 641 1827 ambas
657 1773 781 1828 neverit:
960 1780 993 1829 10

137 1867 192 1905 non
210 1851 251 1906 ita
269 1854 334 1905 sunt
353 1851 478 1907 dissimili
495 1855 669 1923 emimonto,
687 1854 735 1909 sed
754 1858 848 1910 tamen

37 1987 40 1993 ,
130 1931 264 1988 'dissimili
281 1933 407 1988 oratiene
424 1937 490 2016 sunt
506 1935 598 1992 factae
616 1939 649 1992 ec
665 1936 737 1991 stilo.

47 2018 48 2022 ’
137 2031 210 2085 quae
227 2017 379 2070 cenvenere
395 2015 424 2070 in
444 2015 580 2071 Andriam
598 2032 633 2070 ex
652 2014 797 2070 Perinthia

137 2097 243 2154 fatetur
259 2097 434 2153 transtulisse
451 2101 536 2166 atque
552 2113 632 2151 usum
650 2098 701 2166 pre
720 2096 788 2153 suis.

137 2181 232 2236 idisti
249 2181 409 2252 vituperant
424 2182 531 2237 lectum
548 2183 632 2249 atque
648 2179 677 2234 in
696 2196 729 2236 eo
747 2179 894 2249 disputant
937 2206 944 2219 ·
962 2186 996 2237 15

138 2261 318 2316 oonteminari
334 2263 390 2316 nen
408 2261 506 2316 decere
522 2260 637 2315 febulas.
787 2316 790 2325 ,

132 2343 281 2399 :mesonma
297 2342 490 2412 intellegendo,
508 2346 541 2398 ut
558 2341 597 2396 nil
615 2338 794 2410 intellegenti

140 2425 188 2495 qui
205 2424 289 2495 quom
305 2423 381 2479 luino
396 2426 534 2492 accusant,
552 2422 688 2477 Naevium
706 2422 836 2478 Plautum
854 2408 978 2481 linaium

139 2505 278 2574 aeodsant,
296 2521 365 2575 quos
382 2503 427 2559 hic
444 2504 539 2558 nester
556 2503 682 2557 auctores
699 2501 793 2572 habet,

139 2601 257 2656 quorum
274 2585 404 2640 aemulari
421 2584 538 2657 exeptat
555 2582 757 2651 neglegentiam
962 2588 998 2637 20

139 2665 233 2736 potitis
250 2657 466 2734 quffismrum
484 2663 629 2718 obsodram
647 2661 827 2731 diligentiam

140 2747 239 2803 dehinc
257 2749 290 2802 iit
308 2747 450 2815 quiescant
466 2745 550 2813 perro
567 2759 666 2797 moneo
684 2746 714 2798 et
731 2743 860 2799 desinant

139 2830 212 2886 male
229 2830 329 2897 dicere,
346 2827 494 2883 malatesta
504 2842 546 2895 ⁴ne
562 2826 679 2880 noscent
695 2841 751 2880 sua

139 2912 237 2977 favete,
256 2910 353 2965 adeste
369 2924 458 2978 aequo
477 2906 568 2960 enimc
586 2908 616 2961 et
632 2922 692 2960 rem
710 2906 896 2976 cognescite'

139 2996 173 3047 ut
189 2989 366 3061 pernoscatis,
385 2987 483 3058 ecquid
500 2986 560 3056 spei
576 2986 613 3041 sit
630 2985 775 3042 relicuom:
961 2992 999 3043 25

140 3071 256 3142 posthec
274 3087 343 3141 quas
360 3070 443 3124 faciet
461 3068 497 3122 de
513 3068 624 3135 integro
641 3066 802 3135 comoedias,

140 3151 309 3224 spectendae
325 3169 360 3207 an
378 3148 530 3219 exigendae
547 3147 603 3203 sint
619 3147 697 3203 vobis
714 3145 799 3216 prius.

465 3365 679 3376 ——-
