2310 4050
151 300 209 361 vo,
222 301 342 366 21-4a]
497 264 665 353 enorme
958 304 1005 354 201

150 417 207 472 Aa
228 433 313 490 quam
330 417 446 475 tbremi
480 417 530 475 Gn
549 419 648 475 omitto
664 418 806 489 prtloqui:
828 433 892 474 nam
911 419 952 474 nil
969 419 1006 474 ad

659 501 730 556 hane
750 505 844 570 remet,
864 483 1006 572 ⁴dntipho:

148 579 250 636 ibim
273 597 443 652 gynaeceum
461 579 503 638 ire
522 581 634 652 occipio,
658 581 729 652 puer
752 582 858 638 adme
881 582 1006 638 adcurrit

147 741 221 811 pene
238 740 388 811 adprendit
405 741 497 812 pillio,
514 740 674 812 resupinat:
697 743 821 812 respicit,
837 759 905 814 rogo

148 821 348 892 quamebrem
368 822 489 878 retineat
506 839 566 878 me:
594 824 635 880 ait
652 841 713 879 esse
736 824 853 879 vetitum
874 826 948 881 intro
968 825 1005 881 ad

704 922 779 960 eram
797 906 935 962 accedere.

112 996 135 1038 re
147 985 311 1058 ‘Sophrona
327 986 411 1042 modo
425 987 541 1043 fratrem
558 986 625 1042 hnc’
642 988 734 1057 inquit
746 988 829 1042 ‘sinis
846 989 1005 1045 introduxit

704 1069 862 1125 Chremem’
952 1075 1004 1126 865

145 1148 269 1220 equue
285 1167 359 1206 nunc
371 1166 432 1206 esse
448 1150 525 1206 intus
533 1151 598 1206 'cum
609 1150 679 1206 illis:
703 1150 756 1205 hoc
771 1151 819 1205 ubi
837 1168 888 1220 ego
904 1151 1005 1221 audivi,

702 1235 739 1290 m
756 1236 822 1291 ioris

144 1314 280 1385 adspenso
296 1316 386 1386 gradi
402 1316 512 1388 placide
528 1317 570 1373 ire
586 1318 702 1388 perrexi,
720 1319 831 1388 accessi,
848 1318 934 1388 istiti,

143 1397 267 1453 animam
285 1399 444 1469 compressi,
463 1397 559 1455 adrem
575 1397 701 1454 admovi:
725 1399 766 1454 ita
783 1401 906 1455 animum
923 1399 1003 1470 coepi

703 1482 856 1549 attendere,
933 1516 937 1523 ·

142 1561 196 1618 hoc
213 1563 297 1618 modo
309 1564 463 1619 sermenem
480 1566 601 1634 captans
637 1562 691 1618 Aa.
711 1565 755 1632 ed,
776 1565 855 1620 Geta.
891 1563 941 1620 Ga
959 1564 1004 1618 hic

700 1645 923 1714 pulcherrumum

112 1722 252 1780 reficimus
270 1724 364 1780 audivi
375 1744 380 1780 :
403 1725 501 1794 itaque
511 1740 600 1795 paene
612 1722 705 1779 hercle
717 1724 866 1780 exclamavi
877 1725 986 1794 gandio.

141 1808 198 1864 Aa.
216 1807 313 1879 quodi
362 1809 413 1864 Gn.
436 1808 512 1878 quod
532 1823 596 1861 nam
617 1806 775 1863 arbitraret
820 1807 876 1862 Aa.
903 1808 1003 1862 nescio.

517 1889 567 1945 Gn
586 1889 665 1959 {atqui
683 1889 933 1945 mirificissumum:
951 1892 1000 1948 871

140 1970 258 2042 piatmos
284 1975 348 2028 tuos
373 1977 419 2029 est
441 1973 522 2043 pater
545 1972 674 2026 inventus
698 1971 804 2026 Phanio
828 1972 909 2026 uxori
928 1975 1001 2028 tuae.

702 2055 758 2109 An.
777 2053 848 2123 hem,

141 2133 214 2208 quid
225 2136 288 2191 aiei
317 2135 368 2191 Gn.
379 2154 443 2192 cum
454 2135 513 2192 eins
524 2135 664 2192 consuevit
676 2136 739 2191 olim
752 2136 844 2192 matre
856 2136 885 2191 in
898 2135 1002 2192 Lemno

141 2297 197 2353 Pa.
214 2296 366 2354 stmnium:
390 2298 451 2354 utin
461 2299 531 2354 haec
542 2299 683 2368 ignoraret
701 2216 921 2369 scrlrssolrlriupialtlrlemi
951 2296 1001 2354 Gn.

697 2378 802 2448 aliquid
820 2378 934 2450 credito,

112 2458 282 2528 toPhormio,
294 2475 354 2514 esse
366 2461 483 2515 cadsae:
507 2459 557 2515 sed
574 2478 619 2516 me
631 2462 729 2516 censen
745 2461 869 2530 potuisse
881 2459 973 2515 omnia

139 2539 307 2609 intellegere
330 2542 412 2649 extra
434 2541 543 2611 ostium,
566 2542 641 2597 intus
665 2559 737 2612 quae
761 2541 837 2596 inter
861 2557 921 2596 sese
945 2541 999 2611 ipsi

699 2622 825 2692 egerint?
946 2626 998 2680 876

140 2703 198 2799 Aa.
217 2702 305 2772 atque
326 2700 418 2757 hercle
441 2719 494 2772 ego
516 2719 626 2774 quoque
650 2703 726 2757 sslam
750 2701 843 2756 andivi
864 2701 996 2756 fibulam

653 2786 729 2841 Gm‘
721 2802 806 2839 immo
823 2785 909 2839 etiam
927 2784 1000 2840 debe

138 2867 195 2938 quo
206 2866 295 2937 magis
306 2867 420 2923 eredas:
443 2868 560 2938 pitruos
575 2867 684 2924 interea
702 2866 768 2921 inde
785 2866 839 2920 huc
856 2866 1000 2936 egreditdr

696 2948 786 3001 foras:

137 3024 196 3081 hair
213 3026 303 3083 multo
315 3030 379 3099 post
391 3027 454 3083 cim
464 3031 545 3098 patre
556 3027 631 3083 idem
642 3028 740 3097 recipit
756 3044 786 3082 se
803 3027 877 3081 intro
895 3026 998 3083 denuo:

112 3108 182 3164 odit
198 3110 319 3179 uterque
339 3109 392 3165 tibi
409 3111 578 3179 potestatem
595 3110 653 3165 iius
667 3107 840 3162 adhibendae
858 3107 934 3164 dari:
948 3115 999 3164 880
1044 3165 1048 3173 ,

138 3187 261 3258 denique
272 3206 332 3260 ego·
336 3206 397 3244 sum
409 3189 558 3260 misenate
569 3193 602 3246 ut
619 3189 790 3258 requirerem
807 3192 892 3258 atque
907 3189 995 3244 addir-

694 3286 793 3324 cerem.
831 3269 886 3324 ΑΝ.
904 3286 956 3340 em,

138 3353 207 3423 quin
219 3369 287 3423 ergo
302 3368 371 3450 rape
388 3352 448 3409 me:
471 3331 539 3422 quid
555 3353 664 3407 cessasi
707 3351 756 3406 Ga.
775 3351 872 3406 fecero
908 3353 963 3408 Aa
980 3370 997 3408 o

696 3434 735 3487 mi
753 3434 892 3504 Phormio,

139 3515 208 3573 vale.
245 3516 299 3572 ΡΗ.
318 3514 388 3584 vale,
404 3512 536 3584 Antipho.
564 3514 644 3583 bene,
662 3512 702 3569 ita
719 3531 764 3569 me
776 3513 807 3568 dr
824 3519 926 3584 ament,
943 3516 997 3571 iac-

689 3599 757 3652 tum.
779 3595 887 3666 geddeo
