2310 4050
142 289 223 356 ns,
236 291 358 355 ιι-ιι.]
484 291 685 348 -ιιιοιιιιιοι
958 294 1016 346 ιιι

155 424 189 464 se
205 407 383 465 continebat:
406 408 447 465 ibi
465 425 562 479 agrum
580 408 728 465 dorostro
746 411 828 479 patre
896 411 900 416 ’
925 412 927 415 ’

156 488 307 545 solendum
324 489 463 546 habebat:
485 492 567 560 saepe
584 490 692 545 interea
708 491 777 545 mihi
795 507 879 545 senex
965 494 1017 546 365

156 570 294 627 narrabat
311 588 341 627 se
358 570 432 628 hune
449 571 595 642 neglegere
612 571 871 641 cognatdmsuom:

122 663 145 703 ιι
157 656 191 708 at
208 653 292 723 quem
309 654 414 708 virum!
444 670 527 724 quem
544 670 597 724 ego
615 653 732 710 viderim
748 654 777 709 in
794 655 854 710 vita
867 656 1017 724 optumam
1040 697 1043 703 .

158 736 212 791 Ga
230 735 328 793 videas
344 739 375 793 te
386 739 473 805 atque
484 736 569 805 illum,
587 738 620 791 ιιι
633 736 738 792 ntrras.
774 737 827 792 Ριι.
846 736 857 792 i
870 737 899 792 in
915 737 1018 792 maitm

717 834 833 874 erucem

157 915 227 954 nam
244 896 274 953 ni
291 897 332 953 ita
348 913 413 953 eum
430 897 648 968 existumtssem
664 904 816 968 numquam
833 897 891 954 ttm
909 898 1001 968 gravis

148 981 198 1036 ¹ob
214 979 287 1035 hano
304 979 462 1034 inimicitias
479 982 609 1050 ciperem
626 979 655 1035 in
672 984 795 1035 vostram
811 979 950 1047 ιιιιιίῑίιιιι,
968 983 1020 1038 370

160 1078 248 1131 quam
264 1062 289 1117 is
306 1065 471 1133 §spernatur
488 1062 560 1117 nime
576 1065 635 1118 tam
651 1061 839 1116 inlibertliter.

122 1155 148 1198 ιε
161 1142 215 1199 (ιιι
234 1143 333 1212 pergin
350 1159 398 1198 ero
416 1141 525 1197 absenti
542 1142 614 1197 mtle
632 1142 716 1212 loqui,
733 1142 939 1213 inpurissumei
1038 1161 1044 1196 ·,

161 1224 220 1280 Pu.
237 1223 352 1294 dignum
364 1224 460 1280 etitem
471 1223 523 1279 hoe
534 1223 618 1279 illost.
655 1223 744 1279 Gra
718 1240 766 1277 arn
777 1222 898 1290 tandem,
910 1221 1020 1280 carceri

718 1304 771 1359 Dn.
788 1303 870 1359 Geta

161 1386 215 1442 Gr.
234 1385 369 1441 bontrum
387 1387 519 1452 extortor,
537 1385 629 1454 logum
646 1386 796 1441 contorttr
830 1385 883 1439 Dm.
902 1384 981 1440 Geta

162 1470 218 1525 Ριι.
237 1469 379 1539 responde
399 1509 401 1514 .
427 1467 478 1523 Gn.
497 1467 560 1537 quis
583 1467 712 1522 homosti
745 1466 833 1523 them.
880 1466 933 1521 Dn.
951 1469 1021 1520 taoe.

722 1550 773 1606 Gra
785 1549 896 1605 absenti
906 1547 960 1604 tibi
970 1551 1021 1607 375

161 1634 194 1687 te
211 1631 341 1700 indignas
358 1647 444 1701 seque
462 1631 560 1701 dignas
578 1631 758 1688 contumilias

125 1727 149 1767 ιι
161 1714 315 1782 numqutm
333 1713 450 1767 cessarit
468 1713 569 1769 dicere.
606 1713 658 1767 Dm
677 1713 730 1767 ohe
747 1710 849 1767 desine

161 1795 331 1862 adnleseens,
349 1795 469 1864 primum
487 1795 537 1849 abs
555 1798 584 1850 te
602 1795 653 1849 hdo
670 1793 744 1848 bona
760 1793 841 1849 venia
857 1795 933 1863 peto,

162 1877 189 1932 si
206 1877 261 1932 tibi
278 1877 386 1947 plaeere
402 1876 477 1946 potis
495 1880 546 1945 est,
563 1876 602 1930 mi
619 1879 652 1930 ut
669 1874 850 1945 respondeas:

164 1975 250 2028 quem
267 1959 387 2012 amioum
405 1961 482 2012 tuom
501 1962 544 2012 ais
561 1956 647 2012 fuisse
665 1957 758 2025 istum,
775 1956 894 2027 expiant
910 1953 988 2024 mihi,

164 2045 196 2096 et
214 2039 266 2109 qui
283 2042 430 2107 cognatum
448 2040 492 2093 me
511 2039 562 2094 sibi
579 2055 640 2092 esse
658 2039 773 2093 diceret.
971 2043 1021 2094 381

125 2132 153 2174 ss
164 2121 220 2177 Ριι
239 2119 356 2191 proinde
372 2121 515 2189 expiscere
531 2120 614 2190 quasi
631 2135 687 2174 non
700 2134 802 2174 nosses.
828 2118 881 2176 Dr.
896 2121 1022 2176 ntssemt

728 2200 781 2255 Ριι
800 2199 847 2255 ita.

164 2285 221 2342 Da.
240 2282 351 2353 egomt
367 2299 453 2352 nego:
477 2282 577 2352 tuqui
594 2287 638 2336 ais
655 2280 752 2350 redige
769 2282 798 2336 in
815 2281 983 2338 memoriam.

165 2369 222 2423 ΡΗ.
242 2366 295 2421 eho
313 2365 352 2434 m,
370 2365 511 2419 sobrinum
528 2366 606 2419 tuom
623 2380 679 2418 ιιοιι
695 2365 798 2418 noras?
834 2366 886 2419 Da.
903 2366 1000 2421 enicas

165 2448 215 2503 dio
232 2448 341 2502 nomen.
387 2446 439 2502 Ριι.
463 2448 582 2538 moment
604 2447 740 2502 maxuma
785 2445 838 2503 Da.
861 2447 931 2517 quid
949 2450 1024 2503 mino

726 2528 822 2583 taaest
972 2534 1024 2584 385
1045 2545 1048 2550 ·

166 2609 224 2664 Ριι,
241 2608 311 2680 perii
328 2608 427 2677 hercle,
444 2625 544 2663 nomen
560 2607 678 2678 perdidi
713 2607 856 2678 Dabam,
876 2599 1024 2680 quidai'st

723 2689 776 2745 Ριι.
795 2651 875 2760 sed,

127 2781 154 2822 so
168 2769 193 2824 si
209 2768 360 2826 meministi
376 2769 408 2825 id
425 2770 501 2840 quod
519 2771 583 2826 olim
600 2770 741 2838 dictumst,
760 2772 863 2828 sirbiae.
889 2771 962 2840 hem,

167 2869 226 2914 ιιοιι
243 2851 323 2907 dieo:
346 2853 425 2922 quasi
442 2869 498 2907 non
515 2853 595 2920 noris,
613 2856 783 2923 temptatum
801 2853 922 2908 tdvenis.

167 2933 223 2990 Dm
241 2951 329 3062 egone
341 2934 436 2990 antem
447 2936 572 3005 temptoi
603 2933 654 2989 Gn
668 2933 766 3003 Stilpo.
796 2935 847 2990 Ριι
859 2938 954 3005 atque
948 2934 1025 2990 adeo

725 3014 795 3085 quid
811 3018 893 3074 meai

167 3058 292 3167 Stilptst
340 3099 394 3154 Da
422 3114 506 3169 quem
527 3097 620 3155 dixti?
656 3097 709 3154 Ριι
736 3097 921 3168 Stilponem'
912 3118 1025 3170 mquam
1055 3171 1058 3175 .

724 3178 844 3236 noveras
976 3187 1028 3238 390

168 3262 223 3317 Da.
239 3277 332 3333 neque
349 3262 401 3332 ego
412 3260 497 3329 illum
514 3278 611 3317 noram
628 3261 718 3331 utque
735 3261 774 3315 mi
789 3263 923 3332 cognatis
939 3264 993 3319 fuit

129 3344 318 3415 sequisquom
340 3343 413 3400 istoc
435 3343 554 3401 nomine.
602 3344 655 3399 ΡΗ.
680 3344 778 3401 itanei
809 3363 864 3400 non
882 3350 911 3402 te
928 3347 1027 3402 hortm

722 3425 833 3496 pudet?

168 3511 200 3565 ιι
217 3509 245 3565 si
258 3509 399 3566 talentum
415 3509 474 3565 rim
491 3508 650 3581 reliquisset
667 3507 771 3580 decem,

168 3591 222 3649 Dm
241 3591 272 3647 di
288 3589 346 3647 tibi
362 3589 558 3647 malefaciant.
593 3590 647 3645 Ριι.
664 3589 770 3660 primus
781 3607 856 3648 esses
867 3591 1028 3650 memoriter
