2310 4050
420 245 600 297 PROLOGVS
622 245 794 295 HEOYRAE.
986 246 1034 296 alt

173 363 248 432 quod
265 363 291 418 si
308 362 474 433 scripturam
492 364 655 433 spruvisssm
673 365 702 418 in
721 365 877 434 praesuntia

174 449 249 502 etin
267 448 437 504 deterrendo
454 448 600 504 suluissem
619 465 732 519 operam
750 449 867 518 sumere,
1001 453 1036 502 25

174 532 206 584 ut
224 529 255 582 in
272 530 329 584 utio
346 532 420 584 esset
437 529 530 598 pitius
548 545 632 597 quam
650 530 679 583 in
696 529 824 598 negutio:

174 610 371 666 deterruissem
389 610 480 679 sicile,
499 626 534 665 ne
552 611 620 665 alias
637 610 785 666 scriberet.

140 706 162 744 an
173 709 248 747 nunc
266 691 336 761 quid
354 694 458 761 petam,
474 708 537 747 mea
553 691 637 747 eausa
654 708 744 760 aequo
762 691 855 746 animo
873 688 1019 746 attundite.

174 773 314 844 Hecyram
331 775 367 828 ud
386 790 435 828 vos
452 774 550 842 refero,
568 775 653 844 quum
670 774 739 829 mihi
756 791 807 844 per
825 773 964 829 siluntium

173 872 325 925 numquam
338 857 423 925 agere
434 855 581 910 licitumst:
601 856 644 910 ita
655 872 717 910 eam
730 856 871 926 oppressit
883 853 1033 909 culamitas

173 951 236 990 eam
255 935 446 992 calamitatem
464 936 557 991 ndstra
573 936 765 1006 intellegentia
1001 942 1032 992 31

173 1016 293 1085 sedubit,
312 1017 335 1072 si
353 1018 408 1073 erit
425 1016 550 1072 adiutrix
568 1019 681 1071 nostrae
697 1016 859 1072 industriae.

138 1117 161 1156 as
173 1115 258 1169 quom
275 1099 396 1169 primum
415 1116 477 1154 eam
495 1115 579 1168 agere
596 1099 682 1170 coepi,
699 1099 824 1169 pugilum
842 1097 937 1169 gluris,

172 1177 341 1248 [funambuli
358 1180 457 1234 eodem
475 1180 590 1234 secessit
608 1180 778 1251 expectutio]

172 1260 309 1315 comitum
327 1263 486 1328 conventus,
505 1260 645 1330 strupitus,
663 1261 767 1317 elamor
784 1259 933 1315 mulierum
1000 1265 1034 1316 35

173 1341 265 1396 fecere
282 1345 315 1396 ut
332 1345 398 1397 ante
415 1343 525 1411 tumpus
543 1342 645 1396 exirem
664 1343 746 1399 foras.

172 1426 270 1478 vetere
287 1423 318 1477 in
335 1438 405 1477 nova
422 1424 500 1492 coepi
517 1421 559 1477 uti
577 1424 783 1492 consuetudine,

136 1511 161 1551 ω
172 1503 201 1558 in
220 1502 391 1574 &aperiundo
408 1506 441 1558 ut
459 1504 562 1558 essem:
586 1504 677 1558 resero
695 1505 792 1559 dunno.

171 1585 263 1655 primu
284 1586 349 1640 ictu
366 1585 478 1655 placeo:
503 1601 585 1653 quom
604 1584 712 1640 interea
729 1587 826 1641 rumur
842 1587 919 1642 venit

172 1671 273 1726 datum
289 1670 325 1724 iri
342 1669 517 1740 gladiatures,
535 1669 655 1739 pupulus
673 1671 807 1739 cunvolat,
999 1679 1034 1727 40

172 1753 380 1808 tumultuantur
397 1751 520 1807 claimant
537 1754 663 1822 pugnant
680 1751 714 1807 de
732 1753 808 1809 loco:

171 1851 226 1905 ego
242 1835 349 1891 interea
367 1851 459 1889 meum
477 1851 532 1888 non
551 1834 629 1903 putui
647 1836 737 1890 tutari
754 1836 853 1892 locum.

135 1927 159 1967 ιε
171 1931 245 1969 nune
262 1913 347 1970 turba
363 1931 419 1970 uon
437 1917 497 1970 est:
522 1914 610 1968 ‹itium
629 1920 658 1970 et
676 1916 814 1971 silentium
833 1921 892 1973 est:

171 1996 273 2066 agundi
290 1999 402 2068 tempus
420 1995 488 2050 mihi
507 1996 647 2052 datumst:
671 1998 749 2053 vobis
768 2000 853 2056 datur

170 2079 295 2150 potestas
313 2078 517 2133 condecorandi
535 2078 615 2134 ludos
634 2080 779 2137 suainieos.
998 2091 1031 2139 45

170 2161 260 2215 nolite
279 2160 369 2214 sinere
386 2159 435 2229 per
451 2175 500 2213 vos
518 2163 608 2214 artem
626 2162 762 2216 musicam

170 2242 298 2298 recidere
315 2241 353 2296 ad
369 2257 486 2311 paucos:
510 2241 595 2296 licite
612 2245 645 2297 ut
664 2247 757 2299 vostra
774 2247 923 2303 aucturitas

133 2344 159 2384 ιο
170 2341 251 2380 meae
269 2323 431 2378 aucturitati
450 2322 555 2377 fautrix
573 2322 753 2393 adiutrixque
771 2326 814 2383 sit.

170 2406 194 2461 si
213 2405 368 2474 numquam
386 2419 468 2458 avare
485 2403 606 2473 pretium
624 2407 711 2460 statui
729 2407 784 2461 arti
803 2423 881 2463 meae

171 2498 203 2544 et
221 2504 286 2543 eum
304 2488 363 2541 usse
380 2489 527 2556 quaestum
544 2487 573 2540 in
592 2487 714 2541 inimum
731 2488 829 2543 induxi
846 2491 1013 2557 misrrumum,

171 2584 258 2638 quam
275 2566 404 2621 muxume
422 2566 527 2620 servire
543 2567 644 2621 vostris
661 2568 828 2623 cummodis:
996 2577 1027 2624 61

170 2649 255 2703 sinite
272 2647 416 2716 inpetrare
432 2647 484 2715 mi,
502 2646 551 2716 qui
568 2647 597 2700 in
614 2648 733 2704 tutulum
751 2665 841 2704 meam

132 2746 158 2787 ss
171 2727 297 2786 studium
316 2744 393 2782 strom
411 2731 488 2783 etse
505 2728 534 2781 in
552 2729 673 2783 austrum
691 2731 830 2785 commisit
846 2730 938 2798 fidem,

170 2828 207 2867 ne
225 2826 290 2865 eum
307 2810 526 2864 circumventum
543 2809 640 2878 inique
656 2810 745 2881 iniqui
762 2811 909 2868 inrideant.

170 2908 235 2947 mea
252 2890 336 2946 causa
353 2905 463 2945 causam
480 2889 598 2960 accipite
615 2894 645 2945 et
663 2891 729 2945 date
747 2891 894 2960 silentium,
996 2897 1029 2946 55

169 2979 204 3030 ut
220 2972 319 3028 lubeat
336 2972 459 3028 scribere
476 2971 538 3026 uliis
555 2972 678 3040 mihique
696 2978 728 3026 ut
746 2972 855 3027 discere

170 3055 257 3110 novus
275 3053 407 3124 expediat
424 3052 540 3125 pusthac
557 3055 649 3123 pretio
666 3053 775 3123 emptus
791 3068 859 3108 meo.
