2310 4050
219 273 269 324 ava
547 273 576 322 r.
594 273 748 324 nannum
849 272 938 338 [ma
948 272 1026 330 ιιι-ι,
1035 272 1053 322 ι.

183 405 206 444 ro
219 388 283 442 sciri.
320 388 367 442 ΡΛ.
386 388 515 442 miseram
533 404 585 458 me,
604 389 718 446 differor
735 389 888 446 doloribus
1015 395 1054 446 lto

219 470 288 523 lunt
307 470 418 540 Lucina,
429 470 471 525 fir
488 488 586 541 opem:
606 489 685 527 serva
702 490 753 540 me,
771 473 895 529 6bsecro,
931 474 983 528 Ha
998 473 1056 539 hen,

218 567 284 604 num
297 568 360 604 nam
373 552 420 606 illa
431 569 533 622 quaeso
545 554 687 624 parturiti
723 553 777 609 Gn.
796 559 881 624 certe,
896 555 989 625 Hegio.
1014 554 1058 608 lln.

772 635 854 690 hem:

217 713 294 768 illaec
312 714 395 769 iidem
413 733 485 772 nunc
503 718 626 773 vistrum
643 718 772 788 inplorat,
791 719 905 787 Demea,

218 794 292 863 quod
310 798 358 850 vos
375 797 417 851 ius
435 797 516 866 cogit,
534 798 564 852 id
583 799 725 854 voluntate
743 799 877 870 inpetrat
1018 804 1059 854 49⁰

181 891 205 929 e
217 873 285 929 haec
301 878 423 946 primum
440 881 474 932 ut
491 878 559 934 fiant
577 879 643 934 deos
661 897 763 950 quaeso
781 884 815 934 ut
832 880 913 936 vobis
931 881 1013 937 decet

217 956 259 1009 sin
277 956 358 1011 iliter
375 958 482 1012 animus
499 961 592 1014 vtster
608 964 659 1029 cst,
678 977 738 1030 ego,
757 962 869 1029 Demea,

217 1039 323 1092 summi
342 1040 368 1092 vi
388 1038 536 1094 defendam
553 1040 624 1096 hinc
643 1045 728 1110 atquc
745 1041 824 1095 illum
842 1043 989 1098 mortuom.

216 1120 349 1186 cognatus
366 1120 433 1174 milri
451 1124 527 1175 erat:
553 1120 609 1175 tna
628 1139 644 1176 a
663 1122 758 1192 pueris
775 1122 898 1192 pirvolis

216 1217 310 1256 sumus
328 1202 438 1258 educti:
465 1219 519 1257 una
537 1204 645 1273 simper
662 1203 780 1258 militiae
797 1204 827 1259 et
844 1203 921 1258 domi
1018 1206 1061 1257 lat

180 1295 203 1336 tc
215 1284 332 1338 fuimus:
356 1288 551 1354 paupertatem
568 1284 624 1338 {rna
640 1283 806 1354 pertulimus
824 1301 946 1354 gravem.

216 1366 386 1435 quapropter
403 1367 483 1434 nitar,
502 1366 609 1435 ficiam,
627 1366 763 1436 experiar,
781 1365 904 1437 denique

215 1447 335 1501 animiam
352 1446 506 1515 relinquam
524 1448 718 1517 potiusquam
736 1447 799 1500 illas
818 1446 956 1503 deserum.

179 1550 202 1590 ts
215 1529 282 1598 quid
294 1529 362 1582 mihi
374 1526 543 1597 respondes?
579 1529 630 1582 Dn.
649 1529 765 1583 fratrom
779 1528 952 1595 conveniam,
964 1525 1051 1596 Hegio

178 1628 202 1669 u
215 1611 270 1665 ΗΕ.
288 1611 345 1678 sod,
359 1610 471 1678 Demea,
483 1610 535 1665 hoc
547 1615 580 1665 tu
590 1610 675 1664 facito
688 1627 752 1664 cum
763 1609 855 1663 animo
867 1611 981 1680 cogites,
1020 1613 1061 1663 5⁰⁰

214 1709 296 1762 quam
314 1693 363 1745 vos
380 1690 516 1745 facillume
534 1691 624 1759 agitis,
644 1707 728 1763 quam
746 1690 818 1745 estis
835 1691 967 1746 maxume

213 1775 342 1844 potentes
360 1772 435 1828 dites
453 1773 586 1827 fortunati
604 1771 718 1841 ntbiles‚

213 1860 271 1910 tam
289 1855 418 1908 maxume
435 1870 482 1908 vos
501 1855 588 1925 aequo
605 1853 697 1909 animo
714 1870 802 1924 aequa
818 1855 938 1912 ndscere

213 1939 330 2007 oportet,
349 1938 372 1991 si
389 1954 438 1990 vos
454 1937 536 1991 viltis
552 1936 694 2006 perhiberi
712 1936 821 2007 probos

178 2036 201 2075 oo
215 2019 267 2073 Dn.
286 2017 392 2073 redito:
417 2019 486 2074 fient
503 2020 573 2088 quai
591 2018 651 2073 fieri
671 2022 817 2088 aequomst
833 2018 934 2075 omnia.
1016 2024 1058 2075 5⁰5

216 2101 270 2156 Ha
288 2099 370 2155 decit
381 2103 411 2154 tc
423 2100 521 2155 iacere.
556 2101 636 2166 Geta,
650 2100 704 2154 duc
716 2116 761 2155 me
773 2100 849 2155 intro
861 2101 899 2155 ad
912 2102 1058 2157 Sostratum

215 2182 266 2237 Dn
285 2200 339 2237 non
352 2199 396 2236 me
408 2180 549 2236 indicente
564 2181 633 2237 hacc
644 2181 733 2236 fiunt:
751 2182 859 2236 utinam
871 2182 917 2238 hic
929 2184 967 2238 sit
979 2182 1050 2239 modo

215 2263 392 2318 defunctum:
410 2279 506 2317 verum
523 2262 609 2316 nimia
626 2261 706 2316 illaec
722 2262 836 2317 licentia

214 2344 337 2414 prolecto
355 2342 455 2398 evadet
473 2343 503 2396 ln
521 2342 634 2410 aliquod
651 2341 782 2412 magnum
798 2343 912 2400 mulum.

178 2441 202 2480 es
214 2425 260 2480 ibo
271 2426 303 2480 tc
314 2425 453 2495 requiram
465 2424 587 2491 frttrem,
599 2423 673 2479 utin
686 2440 750 2479 eum
760 2424 830 2479 haec
842 2425 972 2482 evomam
1013 2430 1053 2480 tlt

591 2563 695 2619 an10.

131 2668 178 2722 III
190 2683 203 2724 ⁵
215 2668 291 2724 Bono
309 2669 399 2723 animo
417 2669 461 2724 fac
478 2669 524 2738 sis,
544 2669 679 2738 Sdstrata,
697 2673 727 2725 et
744 2667 828 2724 istam
847 2672 923 2741 quod
939 2675 1013 2744 pota

214 2750 258 2805 fac
275 2750 422 2805 consolare.
453 2767 505 2819 ego
524 2750 680 2818 Micionem,
698 2749 722 2804 si
740 2749 816 2819 apud
834 2752 958 2823 lorumst,

213 2832 371 2887 conveniam
390 2835 474 2902 atque
491 2834 524 2885 ut
541 2848 586 2885 res
603 2832 710 2900 gastost
726 2830 846 2886 narrabo
864 2834 976 2891 ordine:

213 2913 236 2968 si
254 2914 297 2967 ito
316 2914 365 2981 est,
383 2912 506 2968 facturus
525 2913 558 2968 ut
576 2912 613 2967 sit
631 2911 749 2966 officium
767 2930 854 2983 suom,

188 2994 311 3053 tfacitt:
335 2995 376 3049 sin
393 2994 475 3050 aliter
492 2994 528 3049 de
546 2993 598 3048 hic
615 3009 647 3048 re
665 2997 709 3048 est
725 2994 785 3048 eius
803 2996 948 3066 sententia
1010 3000 1049 3050 nv

212 3077 377 3146 respondeat
395 3077 440 3146 mi,
458 3074 577 3146 utquid
595 3091 676 3144 mam
694 3091 777 3145 quam
793 3076 918 3147 primim
934 3078 1018 3135 scium
