2310 4050
130 243 192 304 va,
206 245 366 315 43-5‚21.]
477 249 671 302 nvnvcnvs.
952 260 1000 312 ιιι

130 361 205 431 quid
224 379 302 433 agas,
319 380 356 420 ne
383 381 475 437 neque
497 368 539 423 1111
561 353 653 439 prosis
678 371 707 426 et
732 373 765 427 tn
788 389 904 443 pereas:
937 391 1001 431 nam

698 454 750 510 hec
768 461 877 525 putant,
948 464 1000 514 965

132 528 278 600 quidquid
296 531 438 602 factumst,
448 533 473 588 e
491 535 520 588 te
537 550 599 590 esse
616 540 715 591 ortum.
760 539 810 593 PA.
830 540 899 609 quid
916 539 1003 609 igitur

698 617 798 672 faciem
816 621 920 676 miseri

134 691 245 761 quidve
261 691 414 763 incipiamt
444 710 508 750 ecce
531 696 626 752 aetem
650 698 732 754 video
752 699 820 754 rere
840 701 1002 759 redeuntem

134 850 232 908 dicam
250 851 315 907 huic
333 868 369 908 an
386 868 441 908 non
459 855 492 929 dt
481 856 579 910 icam?
616 794 835 913 dicamsetlrlgilele:
866 860 918 914 etsi
935 860 1004 915 mihi

699 939 830 1008 magndm
848 940 951 995 malum

136 1015 196 1071 scio
214 1019 364 1087 paratum:
397 1016 446 1071 sed
463 1021 612 1088 necessest,
630 1018 695 1074 huic
711 1024 745 1075 nt
759 1021 910 1077 subveniet.
954 1022 1003 1078 Pr.

137 1177 192 1246 ego
210 1176 283 1232 abeo
301 1148 392 1233 intro:
416 1178 502 1234 td't
465 1179 511 1234 rsti
529 1196 613 1235 narra
630 1102 833 1252 omnsealeirsdine,
851 1186 884 1239 ut
901 1184 1004 1240 factem

699 1263 761 1319 siet.
954 1269 1015 1326 979

423 1409 547 1467 LAcnns.
584 1414 735 1468 PAnssnno.

122 1507 193 1563 aba
212 1508 257 1562 Ex
275 1508 337 1562 mee
354 1508 510 1578 propinquo
527 1511 594 1565 rere
612 1511 663 1565 hoc
680 1512 759 1581 capio
777 1511 930 1567 cemmodi:

137 1607 236 1661 neque
254 1591 316 1660 agri
334 1607 424 1660 neque
442 1592 520 1646 urbis
538 1593 631 1651 edium
648 1611 694 1647 me
710 1610 842 1664 umquam
860 1594 983 1665 percipit

139 1670 194 1725 ribi
212 1671 301 1726 setias
318 1672 411 1741 caepit
427 1672 502 1739 fieri,
521 1675 659 1728 commate
677 1675 774 1729 locum

138 1754 194 1809 sed
211 1757 293 1808 estne
310 1753 358 1808 ille
375 1757 470 1809 noster
488 1755 645 1811 Permenct
672 1758 702 1810 et
719 1761 796 1811 certe
814 1757 891 1827 ipsus
908 1758 960 1812 cst.

122 1847 229 1906 squam
247 1836 424 1906 praestolare„
445 1837 589 1905 Permeno,
608 1837 652 1892 hic
669 1841 736 1893 ante
754 1839 874 1894 estiumt
936 1841 1007 1896 ,975

140 1919 197 1975 PA.
226 1919 289 1989 quis
313 1918 442 1974 homestt
480 1919 569 1988 ehem,
597 1920 700 1974 salvom
726 1923 757 1975 te
785 1919 926 1988 edvenire,
952 1935 1008 1986 ere,

701 2002 819 2070 geddeo.

140 2083 197 2138 LA.
217 2098 303 2152 quern
315 2081 502 2152 praestolare?
538 2082 588 2138 PA.
606 2082 692 2152 perii:
710 2083 804 2197 lingua
815 2081 912 2138 haeret
922 2082 1008 2137 metu

141 2165 195 2220 LA
215 2163 290 2234 hem,

141 2246 215 2318 qnid
234 2247 277 2301 est
296 2244 372 2315 qued
389 2245 536 2315 trepidas?
559 2246 651 2301 satine
669 2246 780 2301 salvae?
804 2246 851 2302 dic
867 2247 945 2304 mihi.

141 2328 196 2383 ΡΑ
214 2344 272 2395 ere,
291 2328 412 2398 primum
430 2330 460 2383 te
478 2329 612 2383 arbitreri
630 2329 705 2399 quod
723 2346 767 2382 res
785 2329 828 2383 est
846 2329 944 2384 velim:

122 2430 130 2469 ι
142 2408 288 2482 quidquid
305 2408 385 2462 huius
402 2408 542 2477 factumst,
554 2408 636 2478 celpa
647 2424 703 2462 non
714 2409 848 2463 factdmst
858 2426 928 2464 mea
960 2415 1010 2467 980

142 2494 196 2548 LA.
220 2491 311 2559 quint
354 2491 404 2544 PA.
428 2490 505 2546 recte
523 2507 590 2545 sane
608 2490 804 2558 interrogasti:
829 2490 953 2560 opertuit

142 2590 205 2629 rem
222 2573 419 2643 praenarrasse
437 2588 489 2627 me.
525 2572 593 2627 emit
611 2572 751 2641 quendam
770 2572 908 2627 Phaedria

143 2655 317 2722 canachum,
336 2670 420 2723 quem
438 2652 512 2708 donc
532 2653 598 2708 huic
620 2653 708 2709 daret.
755 2654 805 2709 LA.
830 2655 915 2723 quoii
960 2652 1009 2708 PA.

708 2734 817 2789 Thetidi.

144 2818 197 2873 LA.
222 2815 313 2871 emit?
342 2813 414 2885 perii
431 2814 530 2869 hercle.
563 2813 679 2884 quentit
724 2815 773 2868 PA.
798 2812 898 2882 viginti
922 2811 1010 2867 minis·

122 2899 198 2956 sna
217 2897 349 2953 actemst.
385 2896 510 2950 PAtum
529 2894 667 2965 quandam
685 2893 834 2947 fidicinam
852 2890 1012 2947 emathiae

712 2974 840 3028 Chaerea.
960 2979 1011 3028 985

146 3061 215 3116 Ira
223 3058 297 3128 hem,
316 3057 406 3128 quid?
430 3059 528 3114 amati
559 3074 594 3111 an
616 3055 700 3111 scit
692 3072 746 3109 lam
770 3054 817 3109 ille
839 3052 907 3123 quid
925 3070 1012 3108 mere-

706 3135 764 3189 trix
783 3134 856 3190 siet?

149 3239 185 3277 an
202 3222 234 3277 in
251 3222 316 3277 estu
333 3219 432 3276 venit?
457 3218 536 3274 aliud
553 3236 588 3273 ex
606 3217 658 3271 alie
676 3216 787 3272 malum.

151 3307 201 3361 PA
218 3321 274 3372 ere,
293 3303 328 3358 ne
345 3319 391 3358 me
408 3306 533 3372 spectes:
557 3317 602 3355 me
620 3299 761 3369 inpulsore
782 3297 851 3352 haec
867 3297 923 3351 nen
939 3296 1013 3352 facit.

152 3387 202 3441 LA
226 3383 329 3439 omitte
347 3383 384 3438 de
401 3387 431 3439 te
448 3384 549 3437 dicere.
581 3398 634 3449 ego
652 3384 689 3448 te,
707 3380 830 3447 fdrcifer,

123 3482 145 3522 sc
156 3465 179 3520 si
195 3464 259 3520 vivo
271 3508 278 3521 .
291 3507 297 3520 .
311 3464 363 3518 sed
380 3464 462 3533 istuc,
475 3462 614 3533 quidquid
632 3464 682 3526 est,
701 3459 823 3529 primum
837 3456 943 3528 expedi.
962 3462 1013 3513 990

158 3549 204 3603 Pa
222 3549 246 3603 is
263 3564 316 3619 pro
333 3545 382 3600 illo
399 3545 524 3601 eunucho
543 3544 581 3598 ad
599 3541 737 3597 Theidem
755 3540 892 3596 deddctus
909 3544 961 3597 est.
