2310 4050
171 269 186 319 1
197 271 221 332 1,
236 271 328 335 31-2,
339 272 391 337 29.]
510 273 695 330 Evnvcflvs
1000 280 1032 336 76

170 388 200 441 ct
217 386 253 441 ne
269 388 300 442 te
318 386 451 443 adflictos.
487 389 540 445 ΡΗ.
565 389 641 445 itane
658 391 778 447 suadeat
814 391 863 447 Pn
888 391 914 449 si
930 394 1012 465 sapis.

170 483 264 536 neque
281 469 392 539 praeter
409 485 490 539 quam
508 487 577 540 quas
595 489 656 541 ipse
674 490 752 528 amor
768 474 907 531 molestias

170 548 258 605 habet
276 549 372 619 {addas
390 550 498 605 otiliae
516 553 585 621 ques
603 552 688 608 habet
705 556 781 610 recte
798 555 880 612 ieras.

171 629 224 686 sed
241 646 336 685 eccam
353 630 415 702 ipsa
432 633 581 701 egreditur,
600 635 688 690 nestri
705 635 785 691 fundi
802 639 961 696 celamitas:

135 729 159 770 ac
171 728 238 768 nam
255 713 331 782 qued
348 729 397 768 nos
415 730 513 785 capere
531 716 651 786 opertet,
668 717 737 774 haec
754 719 902 792 intercipit
995 729 1030 780 80

359 856 458 914 Titus
494 858 655 915 Pnsnnnu.
692 860 841 918 Pannnno.

123 956 159 1012 Is
171 954 224 1009 ΤΗ.
260 952 392 1010 Miserere
410 973 463 1022 me,
481 974 579 1013 vereor
594 976 629 1014 ne
650 958 720 1014 illud
737 961 848 1029 gratim
865 961 1003 1020 Phaedria

170 1037 271 1092 tulerit
288 1054 358 1094 neve
376 1038 506 1095 aliorsum
525 1042 611 1110 etque
630 1057 681 1110 ego
699 1042 752 1096 ieci
769 1043 915 1114 acceperit,

170 1117 248 1187 qnod
265 1116 327 1173 heri
344 1117 420 1173 intro
433 1121 533 1176 missus
547 1124 604 1177 nen
616 1125 670 1179 est.
706 1123 759 1177 ΡΗ.
786 1127 872 1194 totus,
885 1125 1029 1196 Permeno,

169 1201 262 1253 tremo
287 1199 448 1270 herreoque,
472 1203 618 1275 pestqnam
642 1205 738 1275 aspexi
762 1204 841 1261 hano.
876 1207 925 1263 Pa
950 1207 1030 1264 Beno

751 1301 843 1339 ammo
860 1303 907 1343 es:

144 1365 275 1424 eaccede
292 1367 329 1423 ad
346 1369 437 1439 ignem
455 1370 536 1440 hunc,
553 1370 609 1426 iem
627 1371 745 1426 calesces
760 1371 824 1441 ples
842 1374 917 1431 satis.
995 1382 1030 1433 85

170 1447 225 1503 ΤΗ.
262 1451 324 1519 quis
353 1451 399 1508 hic
426 1453 570 1521 lequiturt
605 1454 694 1524 ehem,
724 1457 775 1509 tun
811 1454 857 1509 hic
891 1471 962 1526 eras,
991 1459 1030 1513 mi

747 1538 903 1595 Phaedria?

169 1613 241 1684 qnid
259 1615 352 1672 stebas
369 1617 437 1675 hiet
455 1635 526 1689 quor
542 1619 596 1674 nen
613 1619 688 1675 intro
705 1619 784 1674 ibas?
821 1620 869 1674 ΡΑ
894 1619 1017 1675 ceterum

170 1696 208 1750 de
227 1697 384 1754 exclesione
401 1699 515 1755 verbum
532 1700 658 1756 nullumt
694 1700 746 1755 ΤΗ.
770 1700 840 1771 quid
856 1702 953 1756 taces?

170 1778 226 1834 ΡΗ.
243 1780 308 1835 sane
326 1781 390 1848 quia
406 1799 472 1836 vero
488 1781 540 1836 hae
557 1779 625 1836 mihi
642 1785 741 1852 patent
759 1783 865 1852 semper
882 1782 955 1837 iores

132 1873 156 1912 ro
168 1864 221 1914 ant
233 1860 299 1930 quia
311 1878 371 1916 sum
383 1864 458 1932 apud
469 1866 499 1918 te
512 1863 626 1932 primus.
652 1864 704 1919 ΤΗ.
716 1864 801 1919 missa
812 1864 897 1919 istaec
908 1863 976 1920 iace.
995 1871 1028 1921 90

169 1940 225 1996 Pe
262 1943 331 2012 quid
348 1944 474 1999 ‘missa’i
493 1962 509 1998 o
527 1944 618 2015 Thais,
636 1945 731 2014 Thetis,
745 1945 852 2000 utinam
870 1947 944 2002 esset
960 1945 1029 2014 mihi

168 2039 236 2092 pars
253 2024 341 2093 aequo
358 2024 458 2080 amoris
475 2027 567 2080 tecum
583 2042 616 2080 ac
632 2027 737 2095 pariter
754 2026 847 2096 fieret,

168 2108 203 2160 nt
221 2106 272 2160 erit
289 2106 342 2161 hoc
359 2107 411 2162 tibi
429 2108 535 2163 doleret
552 2108 649 2163 itidem
666 2111 699 2162 ut
717 2108 786 2162 mihi
804 2108 887 2177 dolet,

168 2187 225 2240 aut
238 2186 289 2256 ego
305 2187 377 2243 istuc
395 2187 446 2243 abs
463 2192 493 2244 te
511 2189 617 2244 tectum
634 2189 683 2243 nili
700 2188 864 2258 penderem!

132 2280 157 2320 le
169 2266 223 2322 ΤΕ
242 2283 279 2322 ne
295 2268 387 2323 erricia
404 2273 435 2324 te
453 2270 574 2337 obsecro,
593 2270 685 2325 enimc
704 2270 749 2338 mi,
767 2270 805 2323 mi
824 2268 967 2324 Phaedria.
994 2275 1028 2326 95

168 2362 225 2401 non
242 2348 298 2418 pei,
313 2365 367 2418 quo
385 2366 551 2420 quemqnam
569 2351 634 2422 ples
650 2367 741 2406 amem
758 2354 808 2406 aut
825 2351 888 2420 plus
905 2350 1027 2421 dssigam,

168 2449 205 2487 ec
222 2432 290 2489 ieci:
308 2434 358 2490 sed
375 2437 416 2491 ita
433 2439 496 2492 eret
512 2455 564 2506 res,
583 2438 741 2494 iaciunddm
759 2438 820 2493 fuit.

170 2516 223 2571 ΡΑ.
257 2517 349 2585 credo,
367 2519 400 2574 rit
422 2518 463 2586 fit,
480 2519 583 2575 misera
603 2521 669 2590 prae
693 2537 787 2576 amore
810 2519 928 2576 exclusti
951 2519 1028 2575 hiano

745 2603 827 2658 foras.

170 2681 227 2737 Tu.
262 2681 347 2736 sicine
364 2680 431 2751 agis,
449 2681 606 2737 Parmenoi
624 2683 691 2751 ege:
710 2682 760 2737 sed
777 2683 830 2738 hnc
848 2700 903 2754 qua
920 2681 1015 2751 gretia

131 2781 157 2819 ao
170 2766 203 2819 te
219 2764 319 2819 arcessi
336 2763 410 2832 inssi,
422 2764 553 2819 ausculta.
590 2765 642 2819 Pu.
659 2765 715 2819 fiat.
752 2765 803 2820 ΤΗ.
823 2765 868 2820 dic
886 2764 954 2818 mihi
976 2769 1027 2819 10⁰

169 2843 223 2899 hoc
240 2843 369 2914 primurn,
386 2844 465 2913 potin
483 2848 528 2900 est
550 2843 597 2899 hio
613 2845 730 2900 taceret
773 2845 823 2900 ΡΑ.
848 2844 955 2914 egonet
980 2844 1027 2912 ep-

747 2927 832 2980 turne.

169 3018 268 3058 verum
284 3003 355 3058 hosis
371 3005 412 3072 tu,
429 3002 482 3060 hac
499 3003 562 3073 lege
580 3003 633 3060 tibi
652 3020 741 3059 meam
759 3005 881 3074 astringe
898 3003 1001 3060 fidem:

169 3100 245 3154 qnae
261 3085 326 3141 vera
343 3085 444 3154 audiri,
463 3078 543 3140 te'ceo
561 3088 590 3140 et
608 3087 736 3140 contineo
755 3087 885 3155 eptume:

168 3164 214 3220 sin
226 3165 326 3221 ielsrrm
340 3171 389 3223 aut
400 3182 500 3222 vanum
515 3168 566 3221 eut
580 3164 731 3234 simtnmst,
744 3167 871 3222 continue
890 3167 1025 3238 palamst:

130 3247 272 3318 copientis
288 3247 419 3301 rimarum
437 3262 505 3315 sum,
522 3245 575 3301 hec
592 3249 676 3316 atque
693 3247 755 3302 illac
774 3247 884 3317 perfluo.
974 3257 1024 3307 105

167 3326 252 3398 proin
269 3328 311 3397 te,
328 3330 422 3383 tacere
439 3327 464 3381 si
481 3327 530 3394 ris,
548 3342 614 3381 vera
631 3326 725 3382 dicito.

167 3407 222 3463 Tra
259 3405 353 3461 Samie
370 3405 438 3460 mihi
455 3408 546 3461 mater
562 3406 633 3461 seit:
651 3423 685 3461 ea
702 3406 849 3463 habitabet
867 3408 966 3464 Rhodi.

168 3487 221 3542 Pn
257 3487 352 3556 potest
368 3485 454 3541 taceri
471 3485 530 3541 hoc.
566 3486 617 3542 Tn.
641 3485 682 3541 ibi
698 3488 760 3541 tum
776 3487 859 3543 matri
876 3489 1015 3560 pervolam

167 3567 291 3642 puellam
308 3566 381 3623 dono
398 3567 513 3639 quidam
529 3570 667 3624 mercater
683 3568 764 3625 dedit
