2310 4050
149 226 197 274 100
474 226 503 275 P.
522 223 677 275 11111111
776 225 863 288 [111
876 224 997 283 1-111.

148 341 197 397 Pi.
216 339 254 394 nil
266 339 346 407 dixit,
358 344 392 395 tu
402 342 435 396 ut
447 341 592 409 sequerere
603 339 680 396 sesel
714 338 766 395 (lm
784 341 834 409 nil,
845 339 900 395 nisi
912 339 1000 395 abiens

719 421 758 474 mi
770 421 870 476 innuit.
955 423 1001 478 735

115 516 137 554 m
151 500 200 555 Pi.
218 500 277 570 eho,
289 502 379 557 nenne
392 501 422 556 id
433 505 478 556 set
489 503 567 557 erati
602 501 655 557 On.
673 502 704 558 et
715 501 857 558 nescibam
869 500 901 557 id
912 501 1001 557 diesne

723 583 807 652 illem,
818 583 872 638 nisi
885 582 950 653 quia

151 663 271 720 correxit
287 663 374 732 miles,
386 663 462 734 qued
479 662 603 718 intellexi
620 663 725 719 minus:
743 679 808 719 nam
825 679 872 719 me
889 661 1004 720 extmsit

722 745 805 800 ferus.

152 826 203 883 sed
220 843 313 882 eccam
331 827 433 897 ipsum:
451 827 537 882 mirer
554 826 603 881 ubi
620 843 672 896 ege
689 826 754 882 huie
771 825 979 884 anteverterim.

351 969 448 1024 ’111111
484 969 633 1026 (insumus.
669 970 805 1028 Pmnns

75 1064 115 1120 lv
129 1080 140 1118 6
154 1073 206 1129 ΤΗ.
226 1072 316 1128 Credo
328 1072 457 1141 equidem
474 1073 551 1128 illum
563 1074 618 1128 iam
633 1073 795 1130 edfuturum
807 1091 877 1144 esse,
889 1074 923 1129 tt
934 1074 1005 1129 illam

611 1172 628 1210 a
639 1173 684 1210 me
696 1156 811 1227 eripiet3
830 1156 890 1211 sine
903 1155 1005 1210 veniet:

154 1235 232 1306 etqui
255 1235 279 1290 si
302 1234 377 1289 illam
406 1233 496 1302 digito
519 1233 646 1304 attigerit
670 1235 731 1304 ime,
755 1235 827 1291 oculi
857 1237 922 1292 ilice
945 1235 1009 1291 eele

726 1317 845 1372 dientur.
962 1319 1008 1374 740

156 1399 243 1468 iisque
262 1397 332 1453 adeo
350 1395 422 1450 illius
441 1396 513 1451 ferre
532 1413 644 1466 possum
664 1396 795 1467 ineptiam
814 1402 844 1455 et
866 1396 1010 1467 magnifiee

728 1478 821 1549 verba,

157 1560 240 1615 verba
257 1560 325 1614 dum
344 1559 416 1614 sint:
439 1559 534 1615 verum
553 1559 626 1614 enim
646 1560 669 1614 si
690 1560 727 1616 ad
747 1576 807 1615 rem
827 1559 1010 1627 censerentur,

729 1640 880 1710 vepulebit.

133 1731 144 1769 ⁵
158 1723 211 1779 011.
230 1723 322 1794 Theis,
334 1739 385 1791 ego
396 1721 453 1778 iem
465 1722 571 1778 dudum
581 1723 627 1779 hie
639 1722 743 1779 adsum
779 1724 831 1777 ΤΗ.
851 1722 918 1777 omi
931 1721 1012 1777 chre·

604 1821 670 1870 mes,
682 1808 712 1859 te
723 1803 814 1874 ipsum
825 1803 1010 1873 expectabam.

158 1888 217 1943 sein
235 1890 268 1942 tu
287 1886 398 1941 turbem
416 1886 486 1942 hene
504 1885 618 1956 prepter
637 1888 666 1939 te
678 1901 738 1938 esse
756 1885 881 1939 feetuml
900 1887 931 1938 et
947 1881 1012 1937 edes

385 1966 390 1975 “
721 1964 1011 2019 adieettinerehane

160 2047 268 2102 emnem
290 2047 369 2102 remi
405 2045 459 2101 Cn.
485 2044 609 2100 admei
633 2044 682 2113 qui
705 2064 806 2115 quaeso
829 2047 922 2102 istucl
964 2047 1012 2100 111.

474 2127 547 2196 quie,
561 2127 627 2181 dum
639 2127 690 2182 tibi
703 2130 824 2183 sorerem
837 2129 938 2184 studeo
967 2131 1013 2186 745

160 2208 278 2264 reddere
301 2225 334 2264 ac
356 2209 513 2278 restituere,
536 2207 605 2263 haec
629 2213 712 2280 atque
741 2209 823 2264 huius
852 2208 930 2263 medi
957 2224 1014 2264 snm

733 2291 822 2345 multe
839 2307 929 2361 pesse

162 2372 214 2428 On.
240 2371 289 2426 dbi
312 2371 389 2426 eneti
424 2371 475 2426 ΤΗ.
500 2369 575 2426 demi
598 2371 674 2441 apud
696 2389 748 2427 me.
786 2371 839 2427 On.
860 2371 933 2427 hem.
967 2371 1016 2425 'lm

733 2451 801 2521 quid
819 2453 883 2506 esti

129 2541 151 2579 1⁰
163 2534 264 2589 educte
279 2532 320 2588 ite
337 2531 379 2586 uti
395 2531 478 2600 teque
496 2531 598 2603 illeque
615 2532 764 2602 dignumst.
801 2532 854 2588 011.
873 2531 941 2603 quid
957 2531 1016 2587 eisl

709 2615 760 2667 ΤΗ.
782 2613 812 2668 id
825 2613 958 2682 quodnes
970 2615 1016 2667 est

163 2695 234 2750 hene
246 2693 298 2748 tibi
317 2692 389 2748 dono
407 2692 445 2748 de
462 2709 553 2762 neque
571 2696 669 2763 repeto
686 2711 737 2764 pro
750 2694 796 2748 ssla
808 2694 956 2764 quicquam
972 2692 1018 2747 abs

737 2776 765 2830 te
783 2775 864 2844 preti.

166 2857 219 2913 (lu.
238 2858 268 2910 et
284 2854 402 2910 habetur
420 2858 450 2912 et
466 2855 612 2926 referetur,
630 2855 721 2925 Thais,
733 2856 785 2911 tssu
803 2857 844 2911 ita
854 2860 889 2912 ut
902 2855 1019 2911 merita’s

733 2938 830 3006 gretie
972 2941 1019 2996 750

167 3020 218 3073 ΤΗ.
237 3018 268 3073 et
286 3017 359 3072 enim
379 3034 453 3088 cave,
474 3034 510 3073 ne
528 3017 606 3087 prius
622 3018 792 3086 quambene
810 3034 827 3072 a
845 3034 891 3072 me
907 3017 1021 3086 accipies

734 3099 854 3166 amittes,
869 3099 1014 3155 Chremes:

168 3197 231 3236 nam
245 3181 312 3236 haee
324 3183 390 3247 east,
404 3197 486 3250 quam
498 3180 578 3234 msses
590 3196 607 3234 e
617 3197 663 3235 me
674 3180 703 3234 vi
715 3198 788 3235 nune
801 3181 929 3250 ereptum
941 3179 1019 3235 venit

135 3269 157 3308 1⁵
169 3261 214 3316 ubi
226 3261 266 3329 ti,
279 3261 419 3330 cistellam,
433 3261 556 3334 Pythias,
570 3260 652 3315 domo
669 3262 742 3316 ecfer
758 3279 820 3317 cum
833 3261 1021 3316 monumentis.

171 3343 224 3398 On.
242 3341 325 3397 viden
347 3346 380 3397 tu
404 3341 490 3411 sslum,
513 3341 597 3396 Thais
639 3342 687 3397 Pu.
705 3341 754 3396 ubi
775 3343 873 3397 sitestl
928 3339 1021 3415 'imin

715 3423 804 3477 risco:
822 3422 919 3476 odiose
929 3423 1020 3478 cesses

171 3506 223 3562 On.
244 3502 362 3561 militem
374 3518 466 3558 secum
479 3502 516 3557 ed
527 3505 557 3557 te
570 3505 687 3572 quantas
699 3504 791 3574 sepias
803 3503 960 3560 addicere?
976 3506 1021 3562 755
