2310 4050
167 307 235 366 113,
249 307 401 371 loe-139]
432 307 573 360 HAVTON
591 307 853 363 TIMORVMENOS.
979 314 1026 363 133

167 418 226 474 iam
252 420 305 476 hoc
325 423 435 492 queque
452 422 568 492 negabis
590 423 644 478 tibi
664 424 784 494 placere.
833 426 909 481 Gerr.
933 425 1025 496 imme,

283 509 286 517 ’
725 507 809 576 Syre:
975 515 1026 566 350

122 602 155 640 uo
169 587 200 639 et
218 586 310 640 meet
327 603 419 642 meum
436 603 558 643 amorem
576 592 606 643 et
623 588 725 642 temam
745 588 875 659 permitte
893 588 946 644 tibi

169 670 203 721 ιιι
222 683 252 723 es
269 667 371 725 iudex:
394 670 498 739 nequid
515 671 683 726 ecousandus
702 672 740 727 sis
757 672 828 727 vide.

169 748 218 804 Su.
238 749 415 806 ridiculumst
432 755 462 806 te
478 752 551 807 istuc
568 764 613 806 me
630 749 786 823 edmonere,
804 755 944 825 Clitipho:

169 831 252 899 quasi
269 831 333 886 istic
350 849 412 887 mea
429 849 474 887 res
491 833 581 886 minor
598 837 698 901 agatur
716 836 798 904 quem
816 837 873 890 tua

170 909 216 964 hic
234 910 328 980 siquid
344 912 424 967 nobis
441 913 512 967 ferte
529 911 640 966 advorsi
657 912 786 982 evenerit,
975 919 1025 970 355

122 1003 157 1043 ιιι
171 990 225 1045 tibi
242 992 324 1046 erent
341 998 437 1061 parata
455 993 545 1061 verba,
563 991 627 1048 huic
645 993 748 1046 homini
766 992 895 1047 verbera:

169 1078 341 1144 quaprepter
357 1077 426 1131 haec
443 1093 487 1131 res
504 1094 540 1132 ne
558 1078 682 1147 utiquam
700 1075 858 1145 neglectust
874 1074 949 1130 mihi.

166 1155 222 1210 sad
238 1157 331 1212 istinc
348 1174 438 1226 exoro,
451 1162 484 1213 ut
500 1159 578 1214 suam
595 1175 656 1214 esse
673 1157 830 1213 adsimulat.
872 1158 952 1214 Onna
972 1158 1038 1212 scia

726 1240 791 1295 licet

169 1319 310 1375 factunm
327 1336 372 1375 me
389 1337 465 1376 esse:
488 1321 517 1376 in
535 1321 599 1376 eum
616 1321 671 1376 iam
688 1336 734 1375 res
751 1319 837 1375 rediit
854 1319 951 1387 locum,

168 1405 203 1457 ut
221 1403 260 1457 sit
277 1419 414 1458 necessus.
450 1404 526 1458 Cum.
544 1404 642 1459 merito
659 1408 689 1459 te
707 1419 776 1472 amo,
795 1403 891 1458 Clinia
974 1408 1025 1459 360

122 1498 157 1536 rao
170 1482 252 1538 Cum.
271 1499 367 1538 verum
385 1484 432 1538 illa
443 1487 547 1554 nequid
560 1485 670 1540 titubet.
696 1485 743 1541 Su.
761 1484 920 1554 perdoctest
930 1485 1025 1556 probe.

170 1565 248 1621 Ome.
267 1568 297 1620 at
315 1564 365 1621 hec
382 1567 510 1637 demiror,
528 1570 577 1638 qui
595 1571 653 1622 tam
670 1567 750 1623 facile
767 1567 887 1637 potueris

168 1647 339 1717 persuedere
356 1648 403 1717 illi,
423 1650 492 1718 quae
510 1649 580 1704 solet
598 1666 667 1718 quos
684 1650 826 1719 spernere!

169 1728 218 1783 Su.
236 1729 266 1782 in
282 1730 407 1800 tempore
425 1731 461 1785 ad
478 1747 540 1785 eam
557 1730 626 1800 veni,
644 1730 719 1798 quod
737 1746 830 1785 rerum
848 1728 995 1784 emniumst

167 1811 307 1879 primum:
330 1828 395 1867 nam
412 1813 550 1880 quendam
568 1813 669 1867 misere
686 1812 788 1866 offendi
806 1811 923 1867 militem
973 1812 1025 1867 365

122 1909 158 1948 us
169 1891 230 1946 eius
247 1894 356 1947 nectem
374 1898 515 1949 orantem:
538 1894 605 1948 haec
623 1894 684 1948 erte
701 1894 841 1949 tractabit
857 1893 955 1960 virum,

168 1976 204 2028 ιιι
221 1973 297 2028 illius
315 1974 435 2028 animum
453 1975 584 2045 cupidum
602 1974 693 2044 inopia
710 1974 887 2030 incenderet:

168 2054 325 2125 eademque
341 2060 374 2111 ut
391 2060 465 2111 esset
483 2056 557 2126 apud
575 2059 605 2110 te
622 2056 673 2110 hoc
691 2073 774 2126 quam
791 2057 996 2126 gratissumum.

169 2138 223 2193 sed
239 2139 310 2193 heus
327 2143 366 2207 tu,
385 2140 449 2194 vide
466 2139 503 2194 sis
520 2139 623 2210 nequid
641 2139 789 2209 inprudens
807 2157 878 2196 ruas.

168 2222 279 2291 patrem
297 2221 396 2277 novisti
414 2221 451 2276 ad
468 2222 518 2277 lits
534 2238 579 2277 res
597 2239 679 2292 quarn
697 2221 734 2277 sit
750 2223 909 2292 perspicax:
974 2229 1024 2286 370

122 2318 158 2358 rao
169 2316 224 2369 ego
241 2303 271 2355 to
288 2301 381 2355 aetem
399 2302 461 2356 novi
480 2319 562 2371 quam
581 2302 638 2357 esse
656 2301 744 2357 soleas
760 2304 906 2372 inpotens:

168 2374 280 2436 inversa
297 2383 388 2451 verba,
406 2384 514 2438 eversas
532 2383 647 2438 cervicis
664 2387 736 2454 tuas,

168 2462 300 2531 gemitis,
318 2466 448 2530 screatus,
467 2463 559 2532 tussis,
577 2464 648 2519 risus
667 2464 783 2520 [abstine.
848 2536 851 2541 Ι

169 2543 248 2598 Cirr.
267 2540 399 2598 laudetis.
436 2544 482 2600 Su.
499 2545 562 2600 vide
580 2545 623 2600 sis.
656 2545 732 2600 Οιιι.
749 2546 863 2603 tritimet
880 2548 1024 2604 mirebere.

169 2623 217 2678 Su.
238 2622 289 2678 sed
306 2625 389 2691 quem
406 2626 462 2681 cito
479 2629 545 2681 sunt
562 2628 727 2682 censecutae‘
739 2628 882 2684 mulieres!
973 2633 1024 2688 375

122 2718 157 2759 ιιι
170 2705 249 2762 Cur.
271 2704 320 2758 ubi
340 2705 425 2762 sinti
456 2723 526 2776 quor
543 2707 666 2763 retines?
713 2707 758 2762 Su.
783 2709 838 2763 itm
862 2727 934 2764 nunc
957 2711 1025 2767 haec

722 2805 777 2843 uon
795 2790 837 2844 est
852 2794 908 2845 tua.

169 2869 252 2944 Oula
272 2868 335 2938 scio,
357 2869 431 2940 epud
449 2874 573 2940 patrem:
597 2873 628 2925 at
645 2886 717 2924 nunc
735 2871 853 2926 interim.
898 2872 943 2926 Su.
957 2872 1021 2943 *uile

729 2968 823 3020 magu.

159 3034 248 3091 cnr.
266 3034 332 3090 sine.
368 3035 414 3090 Su.
429 3036 484 3090 nen
501 3034 588 3090 sinam
600 3035 719 3106 inquam.
756 3034 831 3088 omn
843 3036 943 3103 quaeso
958 3054 1024 3106 pan·

167 3121 168 3124 ’
724 3116 814 3185 lisper.
855 3117 900 3172 Su.
918 3122 989 3174 veto.

169 3195 247 3251 ein.
269 3194 366 3250 saltem
383 3195 507 3251 salutem.
548 3194 593 3251 Su.
614 3197 697 3251 ebeas
715 3195 738 3250 si
755 3197 852 3265 sapies.
883 3197 958 3252 Omr.
977 3215 1023 3254 oo:

168 3277 240 3348 quid
263 3278 347 3334 istici
395 3278 440 3334 Su.
466 3277 597 3333 manebit.
643 3278 719 3333 (inm.
744 3277 885 3332 heminam
907 3278 1022 3335 felicem

725 3360 770 3416 Su.
791 3359 908 3415 embola.
971 3366 1022 3417 380
