2310 4050
170 291 217 341 mo
498 292 527 347 P.
544 288 697 341 nmmum
836 290 872 356 [v
883 291 908 349 s,
919 285 1007 339 18-35.

168 404 312 472 oognttum
323 404 612 475 comper-insomnis.
646 406 698 460 Du.
716 403 806 474 quidt
825 402 934 459 deliros.
967 401 1009 457 (iu.

722 486 763 540 sic
781 484 854 540 erit:

168 581 222 618 non
245 566 349 621 ttmore
373 566 451 620 dioo:
480 566 550 621 rtdii
572 582 681 622 monum
703 565 732 620 in
755 563 926 619 mimorinm
969 561 1010 617 Du

723 647 796 702 satin
815 647 899 702 sonus
916 647 963 701 esi

134 745 157 783 io
169 728 221 783 Nn
246 746 282 784 nu
300 729 420 799 obsecro,
432 729 497 785 vido
508 746 543 784 ne
554 730 584 784 in
596 732 740 800 cognatam
752 729 858 797 ptcces.
896 728 946 783 Du.
967 741 1010 781 non

720 812 770 864 est.
808 809 862 864 ΟΠ.
886 810 922 863 nt
938 824 1010 877 noga:

168 891 255 961 patris
272 894 371 947 nomon
383 892 458 946 aliud
470 892 618 947 dictumst:
636 891 688 946 hoo
700 893 734 945 tu
749 891 858 946 emtsti
896 890 947 945 Dn
968 905 1011 944 non

718 972 800 1026 norst
814 973 945 1041 patrem?

170 1054 221 1109 Cn.
246 1054 333 1108 norst.
376 1052 429 1107 Du.
452 1068 522 1122 quor
536 1052 611 1108 aliud
628 1051 720 1107 dixit?
760 1051 815 1106 ΟΕ.
838 1066 1011 1122 numquamne

627 1132 858 1188 hodioconcedts
869 1135 939 1189 mihi
970 1139 1011 1188 8⁰5

168 1232 258 1285 neque
275 1215 437 1285 intillegest
479 1215 531 1269 Du.
550 1216 573 1269 si
584 1214 617 1270 tir
628 1215 668 1268 nil
683 1216 799 1270 narrast
842 1215 897 1270 Cn.
915 1214 1012 1284 ptigit?

672 1296 699 1350 N
700 1311 726 1350 A.
743 1297 829 1351 miror
841 1296 890 1366 qui
901 1296 953 1351 hto
963 1296 1011 1350 siet

170 1381 222 1435 Du.
240 1378 368 1450 equidem
388 1379 479 1435 htrclo
495 1379 594 1435 nescit.
630 1378 682 1435 On.
701 1378 747 1434 vin
765 1379 857 1435 sciro?
874 1382 905 1435 at
922 1381 963 1436 ita
977 1394 1012 1434 me

720 1463 813 1516 servet
825 1461 961 1533 Iuppiter,

134 1546 157 1586 ²⁵
169 1547 201 1597 ut
213 1543 323 1613 propior
334 1542 381 1612 illi,
393 1559 476 1612 quam
489 1543 539 1611 tgo
553 1558 613 1596 sum
624 1558 657 1596 nc
669 1546 707 1610 tu,
720 1539 801 1595 homo
818 1543 938 1598 utmost
970 1543 1012 1597 Du

723 1622 752 1676 di
764 1624 888 1678 vostrtm
901 1624 995 1679 fidem:

169 1705 264 1759 snmus
282 1704 437 1774 adipsum:
456 1720 511 1758 una
527 1702 615 1758 omnis
628 1721 677 1758 nos
695 1706 744 1759 aut
762 1705 835 1760 sciro
853 1710 904 1760 aut
920 1705 1014 1761 nescire

720 1785 853 1842 hocvolo.
889 1787 944 1842 On.
965 1805 986 1843 a

170 1871 221 1924 Du.
239 1867 307 1938 quid
319 1867 380 1922 tst?
416 1866 470 1921 Gn.
490 1865 549 1920 itan
560 1882 673 1934 parvom
687 1866 753 1919 mihi
767 1867 854 1922 fidem
873 1886 935 1924 esso
951 1868 1015 1940 apid

538 1950 583 2001 to!
623 1947 673 2000 Du.
691 1947 736 2001 viu
748 1949 940 2007 moerorisne?
973 1957 1015 2007 810

170 2034 215 2088 vin
235 2031 303 2087 sitis
322 2030 478 2101 quaesitum
496 2028 535 2082 mi
552 2029 624 2083 istuc
644 2029 722 2083 esser
755 2045 813 2097 ago,
832 2031 895 2088 tint.
939 2033 1016 2104 quid?

721 2109 842 2167 illatilia

169 2194 250 2250 amici
273 2192 360 2249 nostri
381 2190 450 2260 quid
467 2190 636 2245 futmumstt
684 2189 735 2246 Cn
753 2192 837 2247 rtcto.
882 2195 935 2252 Dn.
956 2195 1016 2250 hmo

722 2273 809 2343 igitur
820 2277 980 2334 mittimus?

136 2368 158 2406 ³⁰
171 2360 223 2415 On.
242 2356 311 2428 quid
328 2357 377 2412 nit
426 2355 477 2410 Du.
501 2354 550 2410 ills
567 2357 697 2411 manenti
744 2355 797 2410 On.
815 2357 865 2412 sic.
914 2360 965 2415 Du
982 2359 1016 2413 iro

576 2438 662 2506 igitur
677 2437 731 2493 tibi
748 2437 821 2504 licet,
839 2440 1016 2497 Nausistrata.

171 2524 224 2579 Nn.
241 2523 280 2578 sio
297 2522 343 2593 pol
360 2520 530 2576 commodius
542 2521 600 2576 tsse
612 2521 739 2594 inomnis
755 2521 885 2593 trbitror,
899 2541 980 2595 quum
990 2528 1017 2580 ut

722 2602 860 2673 coopertis,

171 2684 281 2739 mantre
299 2683 385 2748 hano;
421 2697 485 2735 nam
512 2680 685 2750 perliberalis
716 2683 810 2753 visast,
842 2702 927 2753 quom
958 2686 1015 2754 vidi,

723 2764 798 2820 mihi.
973 2774 1016 2825 815

171 2847 221 2901 Du
240 2845 307 2916 quid
325 2845 396 2900 istic
414 2842 555 2912 negotist?
595 2844 647 2899 cn.
663 2843 754 2899 itmno
770 2846 883 2914 operuit
902 2849 1016 2905 ostiumt

612 2924 665 2980 Du.
682 2926 744 2980 iam.
782 2926 833 2982 On
853 2945 870 2982 o
888 2929 1016 3002 Iuppiter,

171 3012 200 3067 di
212 3014 261 3067 mis
272 3010 439 3081 respiciunt:
456 3009 570 3076 guttam
582 3007 675 3062 inveni
687 3008 803 3078 nuptam
817 3025 881 3066 cum
892 3015 943 3067 tuo
954 3012 1016 3067 filio.

729 3089 779 3144 Du
805 3089 879 3158 hem,

135 3193 158 3233 ³⁵
171 3192 225 3247 quo
243 3176 325 3246 picto
343 3174 372 3229 id
389 3172 500 3245 potuit?
536 3171 588 3227 On.
607 3171 662 3225 non
679 3171 747 3225 satis
763 3175 842 3227 tutus
855 3175 899 3229 ost
914 3175 952 3230 ad
962 3191 1016 3231 usr-

722 3252 840 3308 randum
858 3255 905 3309 hic
922 3257 1000 3312 loom.

171 3339 221 3394 Dn.
241 3341 271 3394 at
288 3340 321 3392 tu
337 3337 414 3391 intro
432 3334 485 3389 abi.
534 3333 586 3389 On.
609 3333 686 3400 heus,
704 3349 740 3387 no
759 3332 817 3387 filii
840 3335 954 3404 quidem
971 3336 1016 3390 hoc

684 3408 770 3468 n'tstri
786 3415 940 3473 resciscant
955 3415 1015 3472 volo.
