2310 4050
502 247 531 298 P.
548 248 702 299 nannum
863 249 1025 314 [ιιι-ιο,

503 625 654 695 AOTVS
676 625 705 694 1.

430 850 593 907 Pnsnnum
626 852 777 909 Psnrsnnc.

133 958 164 1014 1¹
181 968 233 1024 Pn.
271 967 344 1036 Quid
362 967 448 1039 igitur
465 968 583 1025 iaciami
600 969 656 1023 nen
673 970 755 1025 eami
772 967 902 1025 nenena
919 969 1030 1041 qnidam

178 1066 260 1120 quom
278 1051 399 1106 arcessor
416 1051 509 1106 ultrei
527 1067 563 1105 an
580 1051 672 1120 petius
690 1051 732 1106 ita
748 1068 793 1107 me
810 1053 976 1123 eempnrem,

179 1147 232 1184 non
251 1130 358 1200 perpeti
376 1131 553 1186 meretricum
570 1131 768 1187 contumelias?

178 1210 313 1266 exclesit:
330 1215 457 1268 revocat:
475 1212 605 1268 redeami
622 1230 683 1281 non,
702 1214 787 1269 sime
804 1212 941 1270 ebsecret

155 1300 167 1341 t
180 1290 229 1346 Pn.
264 1291 400 1360 siquidem
412 1292 503 1348 hercle
514 1294 608 1363 possis,
621 1294 661 1349 nil
673 1294 749 1364 prius
760 1311 850 1364 neque
861 1294 981 1351 sentius:
998 1299 1031 1349 ee

179 1372 275 1427 sertim
293 1372 316 1425 si
333 1372 448 1442 incipies
465 1374 554 1442 neque
570 1374 721 1443 pertendes
738 1375 850 1429 neviter

178 1456 271 1522 atque,
288 1453 336 1508 irbi
353 1453 412 1523 pati
429 1471 483 1508 ncn
501 1453 612 1524 peteris,
630 1470 713 1524 quem
730 1470 810 1510 nemo
828 1455 953 1525 expetet,

178 1537 279 1593 iniecta
296 1554 364 1609 pace
382 1538 456 1593 ultro
474 1538 511 1593 ed
527 1555 588 1593 eam
605 1540 706 1607 venies,
724 1538 851 1594 indicans

179 1622 208 1674 tc
225 1621 326 1687 amere,
344 1618 417 1673 ferre
434 1620 489 1673 nen
508 1636 604 1689 posse:
622 1622 752 1686 actumst,
770 1620 855 1689 ilicet,

147 1703 291 1771 reperisti:
309 1702 411 1772 cludet,
429 1702 478 1757 irbi
496 1707 525 1759 tc
542 1704 646 1759 victum
663 1704 787 1760 senserit
998 1709 1031 1759 ee

178 1790 257 1859 proin
276 1790 318 1857 tsi,
337 1790 403 1845 dum
420 1793 464 1845 cst
481 1793 599 1860 tempus,
617 1790 701 1846 etiam
716 1794 802 1860 atqua
819 1788 906 1845 etiam
923 1788 1023 1861 cegita

179 1890 241 1928 cre:
260 1875 329 1943 quae
347 1890 391 1929 res
408 1873 437 1928 in
455 1890 485 1929 sa
502 1875 591 1943 neque
608 1873 750 1932 consilium
768 1875 856 1944 neque
873 1873 989 1929 modum

178 1954 262 2010 habet
280 1955 373 2025 iillum,
392 1973 453 2012 eam
471 1957 584 2011 consilio
601 1973 698 2025 regere
715 1957 769 2016 nen
788 1959 874 2026 potes

178 2041 206 2094 in
224 2043 318 2096 amere
335 2040 403 2097 hacc
420 2043 512 2098 omnia
530 2043 625 2098 insunt
642 2043 726 2100 vitia:
743 2043 868 2112 iniuriae,

146 2131 167 2171 lt
179 2122 350 2191 suspIticncs,
369 2123 536 2191 inimicitiae,
554 2123 688 2192 indutiae,
998 2129 1031 2181 60

178 2203 289 2272 bellurn,
307 2221 361 2274 pax
380 2222 504 2261 rursum:
522 2205 626 2262 incerta
643 2206 711 2264 hacc
727 2204 750 2260 si
767 2208 800 2260 tu
816 2204 940 2276 pestules

179 2286 286 2342 retiene
304 2290 381 2342 certa
398 2286 498 2354 iecere,
516 2285 572 2340 nilo
590 2286 651 2356 pits
669 2302 743 2355 agas,

179 2382 261 2436 quam
279 2366 304 2421 si
322 2366 372 2421 des
390 2382 502 2436 operam
519 2371 551 2420 ut
569 2365 633 2420 cnm
650 2367 756 2421 ratione
773 2364 902 2422 insenius.

179 2451 208 2504 et
226 2449 302 2518 qued
320 2464 392 2503 nunc
409 2452 471 2503 tute
491 2449 582 2503 tecum
600 2448 687 2503 iratus
704 2447 810 2517 cegitas

145 2530 280 2599 se‘cgcnc
305 2529 387 2597 iilam,
412 2545 483 2598 quae
507 2528 591 2597 illum,
615 2528 685 2598 quae
708 2544 752 2582 mc
779 2543 851 2596 quae
872 2531 941 2584 noni
972 2527 1032 2587 sine

748 2608 839 2676 modo,
997 2615 1031 2666 ee

179 2692 250 2749 mori
267 2709 312 2749 me
329 2694 439 2748 malim:
458 2693 559 2749 sentiet
577 2693 625 2764 qui
642 2691 687 2748 vir
702 2691 798 2749 siem':

178 2772 246 2828 hacc
263 2771 347 2828 verba
364 2773 417 2827 illc
433 2790 489 2828 una
505 2790 550 2828 mc
567 2772 658 2828 hercle
674 2772 743 2827 falsa
759 2773 909 2842 lacrimula,

178 2872 261 2926 quam
279 2855 370 2910 ocules
387 2855 502 2910 terendo
520 2855 621 2913 misere
638 2855 684 2910 vix
702 2855 730 2910 vi
747 2856 923 2926 expresserit,

178 2937 340 3006 restinguet,
359 2939 389 2991 et
406 2939 436 2991 te
454 2936 527 2992 ultre
546 2936 693 3006 accusabit,
711 2937 740 2992 et
757 2936 835 2995 dabis

145 3023 252 3079 uultro
274 3023 302 3079 ei
324 3022 495 3093 supplicium.
538 3022 590 3076 Pn.
613 3037 630 3076 c
649 3020 793 3090 indignum
811 3021 932 3081 facinus:
956 3023 1031 3076 minc

750 3118 802 3177 ege
997 3106 1031 3162 70

178 3188 208 3242 ct
225 3185 464 3261 iliemscclestam
482 3201 542 3241 esse
560 3185 588 3240 et
605 3202 650 3243 me
667 3184 798 3241 miserum
815 3183 902 3239 sentio

179 3276 209 3328 ct
225 3273 336 3328 taedet:
355 3274 385 3326 et
402 3287 495 3328 amore
513 3270 612 3326 erden:
631 3274 661 3326 et
677 3270 797 3341 prudens
815 3268 911 3338 sciens,

179 3354 256 3409 vives
272 3354 425 3422 ridensque
441 3353 540 3423 pereo:
558 3368 610 3407 nec
627 3352 696 3422 quid
712 3352 791 3421 agtm
809 3351 872 3407 scio.

181 3435 228 3489 Ps
264 3433 333 3504 quid
344 3433 428 3501 egisi
446 3432 499 3486 nisi
510 3435 543 3486 ut
554 3434 584 3486 te
595 3431 713 3487 redimas
725 3434 837 3501 captum
848 3431 933 3500 quim
945 3446 1033 3502 queas

145 3525 168 3566 se
179 3514 317 3571 minume:
336 3513 359 3568 si
375 3527 497 3581 nequeas
513 3510 633 3581 paelule,
649 3514 680 3566 at
697 3510 795 3583 quanti
813 3527 915 3581 queas:
998 3513 1032 3569 ie
