2310 4050
269 285 451 362 Pnonouvs
472 288 616 341 ΗΜΘΝ
640 288 881 341 ufflonvntnnv.
956 276 1009 340 121¹·

140 398 228 455 facite
246 400 327 471 niqui
345 401 423 457 sitis:
447 401 515 458 date
533 403 676 459 crescendi
695 403 810 474 ceptam,

141 484 279 538 nostrum
298 483 346 552 qui
363 483 509 554 speetindi
527 485 633 541 faciunt
650 485 765 557 etpiam,

143 564 206 619 sine
223 565 317 621 vitiis:
340 582 376 622 ne
394 566 442 621 ille
459 567 509 637 pri
519 583 559 622 ·se
576 567 683 623 dietum
700 567 861 636 existumet,
971 571 1006 623 30

144 646 195 714 qni
212 646 302 716 nuper
318 646 385 702 feeit
403 647 620 715 struojaurrenti
638 647 668 702 in
685 648 729 703 via

145 727 260 782 (1116111
276 727 426 798 papulum:
450 729 522 796 quir
538 728 635 783 insano
652 730 773 786 16111111

145 808 184 863 de
201 808 275 864 illius
293 809 414 878 peccatis
431 809 511 879 plura
528 810 611 880 dicet,
628 811 710 880 qutm
729 811 808 868 dabit

146 890 216 945 aliis
233 907 327 960 novas,
344 891 403 945 nisi'
415 890 505 946 finem
522 886 677 946 maledictis
694 892 769 948 facit.

146 972 244 1027 adeste
261 989 351 1042 aequa
369 972 475 1027 animo:
500 972 568 1028 date
584 974 754 1042 potestatem
772 970 840 1027 mihi
972 976 1006 1026 35

146 1053 296 1118 statariam
314 1069 397 1122 agere
413 1057 447 1109 ut
463 1053 547 1109 liceat
563 1070 615 1125 per
632 1054 788 1120 silentium

146 1151 184 1190 ne
201 1136 310 1205 semper
327 1151 422 1190 servos
440 1137 563 1204 currens,
581 1135 670 1190 iretis
688 1152 782 1204 senex,

147 1217 221 1274 edax
240 1218 386 1288 parasitus,
404 1217 576 1291 sycophanta
593 1221 687 1272 autem
705 1216 853 1288 inpudens,

148 1302 251 1356 avarus
268 1300 339 1368 leno,
357 1300 475 1355 adsidue
493 1301 594 1370 agendi
611 1300 668 1355 sint
686 1298 755 1354 mihi

148 1381 270 1436 elamite
287 1396 402 1450 summo,
419 1381 482 1436 cim
499 1381 595 1436 labore
612 1383 751 1436 mixumo.
972 1383 1008 1434 40

149 1479 213 1517 mea
230 1461 313 1516 11111
330 1479 440 1517 causam
457 1460 528 1518 hane
544 1463 648 1518 isistam
660 1478 720 1516 esse
738 1461 860 1516 animum
873 1458 1009 1530 inducite,

149 1549 183 1600 ut
202 1543 294 1614 aliqua
311 1561 376 1614 pars
392 1544 496 1614 lab6ris
514 1544 655 1599 minuatim
671 1543 747 1599 mihi.

149 1643 216 1681 nam
233 1625 307 1681 nime
324 1642 408 1680 novas
425 1625 473 1695 qui
490 1624 622 1693 scribunt,
639 1625 685 1679 nil'
696 1625 814 1694 pareunt
831 1623 905 1680 seni:

150 1707 246 1775 siquae
263 1704 437 1775 laboriisast,
454 1704 491 1761 ad
509 1722 554 1760 me
571 1705 709 1762 curritur:

150 1788 175 1842 11
193 1788 261 1843 linis
279 1789 330 1856 est,
348 1786 385 1840 ad
403 1786 489 1840 silium
507 1785 633 1842 defertur
649 1803 771 1856 gregem.
976 1790 1009 1840 45

150 1870 181 1924 in
199 1868 252 1924 haic
269 1879 314 1924 est
330 1885 399 1937 pura
416 1868 513 1924 oratio.
537 1867 711 1937 experimini,

151 1952 181 2006 in
199 1951 348 2020 utrimque
365 1954 475 2020 partem
492 1950 631 2019 ingenium
650 1949 718 2019 quid
735 1949 824 2020 possit
840 1966 940 2006 meum.

151 2033 309 2102 exemplum
326 2033 442 2088 statuite
460 2031 489 2086 in
506 2048 560 2102 me,
578 2035 611 2086 ut
627 2029 830 2087 adulescentuli
977 2037 1008 2087 51

151 2117 233 2174 vobis
253 2116 365 2187 plaeere
381 2115 515 2172 studeant
531 2114 625 2184 potius
642 2116 727 2184 quim
745 2112 806 2168 sibi.
