2310 4050
541 284 588 334 aba

139 397 171 454 V.
184 402 236 453 485
254 396 377 454 clausula

139 510 173 518 -
184 484 235 536 486
253 478 387 533 iambicus
404 479 560 535 octonarius

139 591 174 602 -
185 565 236 620 487
255 561 292 616 ad
310 567 361 616 489
379 561 510 617 trochaici
528 561 677 633 septenarii

141 673 173 683 -
184 649 237 699 490
249 642 381 698 iambicus
393 643 516 699 senarium

140 753 176 766 -·
187 731 237 780 491
252 725 385 780 iambicus
396 727 567 796 septenarius

141 837 177 846 -
188 813 241 862 499
253 805 387 862 iambicus
398 808 555 863 octonarius

142 919 179 930 -
189 896 242 946 493
255 890 291 944 ad
304 896 353 946 501
367 889 498 945 trochaici
511 889 661 962 septenarii

144 1002 179 1012 —
191 977 243 1027 509
256 976 287 1027 et
298 979 348 1029 503
361 971 471 1027 iambici
483 973 615 1028 octonarii

144 1085 180 1094 -
192 1060 245 1109 504
257 1053 294 1108 ad
306 1059 356 1109 566
370 1052 502 1109 trochaici
514 1053 662 1123 septenarii

114 1204 118 1211 .
146 1167 181 1176 -
195 1140 246 1194 567
268 1135 305 1190 ad
323 1139 374 1196 719
392 1134 502 1189 iambici
520 1135 621 1190 senarii

146 1248 183 1257 —
196 1220 248 1275 713
266 1215 302 1270 ad
322 1218 371 1274 797
392 1215 502 1271 iambici
523 1214 671 1271 octonarii·

146 1329 182 1338 -
196 1300 254 1355 728.
276 1299 333 1353 730.
353 1299 401 1354 731
421 1295 552 1351 trochaici
569 1294 701 1351 octonarii

147 1409 185 1420 -
198 1384 249 1438 799
267 1377 421 1433 trochaicus
441 1376 562 1432 dimeter
579 1376 756 1433 catalecticus

148 1491 186 1502 -
199 1465 251 1520 739
270 1459 425 1524 trochaicus
443 1457 616 1528 septenarius

150 1573 187 1582 -
199 1546 251 1600 733
270 1544 301 1594 et
319 1543 370 1598 734
388 1538 499 1594 iambici
516 1537 649 1594 octonarii

149 1655 186 1666 -
199 1627 251 1684 735
269 1621 306 1676 ad
324 1624 374 1681 738
391 1621 523 1677 trochaici
539 1619 671 1677 octonarii

152 1738 188 1750 -
201 1710 252 1767 739
271 1704 308 1760 ad
326 1707 374 1762 741
394 1703 525 1758 trochaici
541 1702 691 1773 septenarii

152 1820 188 1831 -
201 1794 253 1850 749
271 1787 308 1842 ad
326 1789 376 1844 747
393 1784 502 1841 iambici
518 1784 651 1857 octonarii

154 1904 191 1913 -
204 1874 255 1931 748
273 1869 310 1924 ad
329 1872 380 1928 794
396 1867 507 1922 iambici
524 1865 674 1937 septenarii

153 1985 190 1996 —
203 1957 254 2013 795
272 1951 309 2006 ad
327 1955 377 2005 819
395 1947 506 2003 iambici
523 1946 655 2002 octonarii

154 2066 191 2080 --
203 2041 255 2093 890
274 2034 310 2089 ad
328 2037 379 2090 897
396 2030 506 2086 iambici
522 2028 671 2101 septenarii

156 2146 193 2158 -
204 2121 256 2173 899
275 2113 313 2170 ad
331 2118 381 2169 840
399 2110 509 2166 iambici
526 2110 658 2165 octonarii

159 2229 193 2239 -
205 2202 255 2254 841
276 2193 313 2250 ad
331 2199 382 2249 883
400 2191 532 2247 trochaici
548 2190 697 2260 septenarii

158 2311 194 2324 -
204 2285 257 2337 884
275 2276 313 2331 ad
333 2281 399 2331 1010
416 2272 528 2328 iambici
545 2271 646 2327 senarii

159 2394 194 2404 —
207 2367 275 2418 1011
296 2357 333 2413 ad
352 2361 420 2413 1055
437 2353 569 2410 trochaici
586 2352 741 2425 septenarii.
