2310 4050
122 245 146 310 1,
160 244 321 308 m-aau]
454 245 602 296 necrus
905 247 953 296 rm

122 373 189 413 rum
206 357 261 413 hee
278 361 308 414 le
320 373 418 413 moneo
432 359 525 427 imum,
538 358 644 414 amicus
656 359 747 427 quillis
759 358 812 414 sim
823 361 873 414 aut
885 358 954 430 quid

122 521 188 577 »tius
206 537 290 591 quam
307 520 442 590 inimicus,
458 522 592 592 periclum
609 441 769 578 fficffislflm

153 657 318 712 anmrvs
336 655 405 725 (cvm
423 655 564 724 hermen).
608 655 730 711 hscnns.
776 658 900 712 Bnecnrs

411 737 480 807 (cun
497 738 647 806 Auernum).

614 841 668 896 ΡΗ.
687 840 734 894 Nil
752 839 826 909 apud
843 839 887 893 me
904 839 957 894 libi

122 922 197 982 lueri
215 925 316 994 patiar,
336 925 402 993 quin
415 924 492 993 quod
502 940 571 994 epus
583 925 621 978 sil
632 922 752 991 benigne
764 922 938 992 praebeatur.

122 1007 148 1062 ld
159 1022 246 1078 quom
258 1009 292 1060 lu
303 1007 360 1060 eris
377 1007 473 1061 salure
487 1008 573 1074 sique
591 1004 676 1069 ebria,
689 1004 722 1058 ut
739 1021 809 1073 puer
826 1003 904 1058 salin
920 1004 957 1059 sit

655 1085 747 1139 facito.

122 1183 147 1226 Δ.
167 1169 264 1225 noster
288 1185 375 1237 secer,
397 1167 489 1236 videri,
513 1168 605 1222 venii:
640 1167 728 1236 puerei
750 1165 886 1222 nutricem
909 1165 958 1220 ad-

654 1249 740 1303 ducii.

122 1333 247 1404 hidippe,
260 1332 376 1388 Bacchis
387 1332 497 1387 deierat
508 1332 663 1402 persdncle.
693 1331 746 1386 ΡΗ,
759 1330 872 1385 haecine
883 1331 959 1385 eastl

654 1412 705 1467 m.
723 1411 791 1466 haec
802 1416 852 1468 esi.
909 1416 957 1471 771

122 1512 152 1552 Β,
170 1513 223 1552 nec
240 1496 286 1567 pel
303 1496 375 1551 istae
395 1497 524 1550 metuont
543 1494 618 1563 deris,
638 1510 729 1564 neque
750 1494 800 1548 hes
819 1495 959 1565 respicere

655 1575 722 1630 dees
739 1576 844 1646 opinor.

122 1675 151 1714 n.
171 1659 286 1714 ancillas
304 1657 394 1713 dedo:
419 1656 551 1726 quclubet
563 1657 689 1711 cruciatu
706 1674 758 1726 per
774 1673 819 1711 me
837 1656 960 1726 exquire.

122 1741 234 1799 recres
253 1739 299 1795 hic
320 1739 425 1809 agitur:
460 1738 605 1809 Pimphilo
628 1756 674 1794 me
692 1739 785 1794 facere
807 1741 841 1793 ui
862 1739 960 1794 redeat

659 1820 730 1874 uxor

122 1904 230 1976 periet:
252 1901 328 1972 quod
346 1901 369 1955 si
385 1901 508 1967 effecero,
525 1917 580 1955 nou
596 1902 722 1971 paenitet
734 1919 779 1957 me
792 1903 889 1970 firmae,
910 1906 959 1961 775

122 1987 189 2042 >lium
207 1985 306 2040 fecisse
318 1985 348 2038 id
360 1984 435 2053 qued
446 1984 515 2038 aliae
527 1985 689 2039 meretrices
701 1986 793 2042 faeere
803 1986 932 2055 fugitant.

122 2083 152 2124 a
172 2065 322 2136 Phidippo,
341 2068 450 2120 nostras
467 2064 597 2119 mulieres
615 2066 756 2135 suspectas
773 2066 858 2121 fuisse
875 2067 945 2122 falso

122 2147 185 2204 ubis
203 2147 232 2202 in
256 2163 288 2201 re
307 2147 369 2217 ipsa
386 2145 554 2201 invenimus:
585 2162 667 2216 porro
688 2145 759 2201 hanc
783 2164 856 2202 nunc
879 2164 963 2217 erpe—

658 2227 769 2282 riimur.

122 2328 169 2368 am
187 2310 212 2365 si
230 2310 397 2380 compererit
414 2309 524 2365 crimini
540 2313 590 2364 lua
607 2325 638 2363 se
655 2309 725 2364 uxor
743 2311 902 2380 credidisse,

122 2395 217 2449 lissam
235 2391 306 2446 iram
324 2392 424 2447 faciel:
448 2391 500 2455 sin,
519 2392 552 2445 ul
573 2394 624 2459 est,
650 2391 685 2446 ob
707 2392 769 2446 eim
792 2409 852 2447 rem
874 2394 963 2447 iratus

587 2520 589 2524 .
661 2476 782 2541 gnitust,
912 2477 963 2532 780

122 2555 181 2612 ned
199 2552 310 2626 peperit
327 2569 398 2607 uxor
418 2552 497 2623 clam,
519 2553 551 2608 id
568 2553 673 2609 levesi:
705 2555 761 2608 cite
781 2553 817 2609 ab
838 2570 871 2608 eo
894 2554 964 2608 haee

662 2634 704 2688 ira
721 2633 860 2690 abscedet.

122 2717 230 2774 rosseto
242 2714 272 2768 in
283 2714 334 2769 hac
346 2731 377 2770 re
388 2715 428 2770 11ss
440 2715 541 2785 maliet,
554 2717 630 2786 qnod
641 2718 680 2771 sil
692 2716 807 2771 discidio
819 2716 942 2784 dignum

122 2803 160 2855 'm
177 2797 264 2853 velim
276 2795 386 2866 quidem
400 2796 500 2853 hercle.
541 2799 592 2854 hs.
610 2798 741 2868 exquire:
768 2797 864 2851 adest:
889 2795 964 2864 qued

662 2881 733 2934 saitis
744 2879 789 2946 sit,
801 2878 885 2933 faciet
897 2877 964 2946 ipsa

122 2963 162 3018 ln.
180 2958 250 3032 quid
267 2958 307 3013 mi
324 2959 410 3015 istaec
427 2961 544 3016 narrasl
573 2960 609 3016 dn
625 2960 690 3030 quia
706 2977 760 3015 uon
778 2957 964 3014 theodadum

664 3041 774 3109 audisti,

122 3125 145 3184 le
155 3127 209 3182 hac
219 3124 374 3181 renuimus
391 3142 470 3180 meus
487 3127 520 3180 ut
537 3125 584 3194 sit,
597 3124 723 3180 Lachesi
752 3122 909 3179 illis.m0d0
921 3139 967 3176 ex-

664 3206 741 3277 plete
758 3206 887 3261 inimum.
916 3209 965 3263 785

122 3288 158 3347 hs.
177 3306 284 3363 quaeso
297 3288 402 3359 edepol,
416 3287 540 3357 Bacchis,
553 3288 628 3358 quid
639 3288 707 3342 mihi
721 3304 752 3343 es
768 3286 890 3357 pollicita
905 3289 966 3341 lule

667 3373 699 3424 ul
716 3369 816 3424 serves.

122 3449 160 3513 Bu
178 3455 216 3513 cb
227 3455 292 3512 clm
304 3470 367 3509 rem
376 3452 423 3509 vin
434 3468 501 3522 ergo
512 3452 587 3508 intro
601 3452 681 3507 eaml
717 3451 768 3507 Im.
786 3451 804 3517 i,
817 3450 898 3521 exple
910 3449 968 3505 iani-

573 3551 649 3590 mum
662 3533 710 3604 eis,
723 3550 790 3605 coge
801 3537 834 3589 ul
846 3533 968 3589 credent.

822 3627 902 3677 lli-2
