2310 4050
385 290 568 341 PROLOGVS
589 288 757 341 EVNVOHI.
968 291 1000 342 73

138 401 289 470 exclamat,
308 403 405 470 iurem,
422 404 477 457 n6n
495 406 607 473 poetam
625 402 749 458 fabulam

140 486 253 542 dedisse
269 490 300 543 st
317 488 356 542 nil
374 487 487 543 dedisse
503 487 653 543 verberim
671 492 783 546 tamen:

139 574 260 630 mlacem
279 576 339 630 esse
357 575 444 630 Naevi
461 579 492 631 et
509 574 611 642 Plairti
630 578 753 631 veterem
770 575 903 643 fabulam,
966 580 1000 630 25

139 660 258 730 parasiti
276 677 422 730 personam
439 661 506 716 inde
523 661 644 716 ablatam
663 666 693 718 et
710 662 815 718 militis.

140 746 164 801 si
182 746 212 802 id
230 748 274 802 ist
291 740 443 817 peccatam,
461 748 603 817 peceatum
620 748 826 818 inprudintiast

138 819 249 903 peitate,
266 849 322 889 non
339 850 393 902 quo
410 833 517 888 sisrtnm
534 833 625 888 faeere
642 834 790 890 stddnerit

140 919 171 974 id
190 919 231 974 ita
248 920 308 974 isse
325 935 374 974 vos
391 918 447 973 iam
464 917 591 972 iirdiaare
606 918 743 988 p6teritis.

139 1005 222 1062 colax
241 1005 428 1061 Menandrist:
447 1000 477 1057 in
494 1007 555 1059 east
572 1005 713 1074 parasitis
730 1003 809 1060 colax
966 1008 1000 1058 ³0

140 1095 171 1147 et
188 1091 270 1146 miles
285 1091 436 1160 gloridsus:
455 1106 503 1145 eas
520 1106 551 1145 se
567 1091 624 1144 n6n
641 1093 726 1160 negat

140 1179 276 1250 persinas
293 1175 467 1233 transtulisse
483 1174 514 1229 in
532 1175 696 1231 Eunuchirm
713 1192 792 1232 suam

139 1280 177 1318 ex
197 1263 317 1318 Greisa:
334 1261 384 1317 sed
402 1277 449 1316 eas
465 1260 567 1315 fibulis
584 1263 662 1316 actis
680 1261 758 1332 prius
847 1296 853 1305 -

141 1348 252 1404 Latinis
269 1350 352 1404 scisse
370 1349 437 1415 sise,
453 1347 483 1402 id
499 1362 566 1402 vero
582 1348 723 1417 pernegat

140 1433 219 1505 quod
237 1433 262 1488 si
278 1433 402 1504 personis
420 1432 509 1488 isdem
525 1431 589 1488 huie
605 1432 648 1488 uti
665 1434 721 1488 ndn
739 1435 820 1493 lieet:
966 1435 1001 1488 35

142 1519 193 1590 qni
211 1521 302 1590 migis
318 1520 385 1575 licet
402 1520 560 1574 currentem
578 1535 685 1574 servom
703 1520 833 1591 seminare,

142 1607 233 1663 bonta
250 1612 389 1663 matronas
407 1607 507 1676 ficere,
525 1605 679 1661 meretricis
697 1607 791 1676 malas,

141 1693 297 1763 parasitum
315 1693 436 1760 edacem,
454 1691 603 1761 gldriosum
621 1690 746 1761 militem,

142 1779 263 1850 puerim
282 1777 407 1849 supponi,
425 1776 485 1831 falli
501 1792 553 1847 per
570 1777 677 1832 serv6m
696 1793 798 1848 senem,

142 1865 246 1931 amira,
264 1863 364 1932 odisse,
382 1862 535 1932 sispicarii
554 1860 674 1932 denique
965 1870 1000 1920 40

142 1949 280 2004 nullimst
296 1948 352 2002 iam
370 1947 484 2016 dietum,
502 1947 578 2017 quid
595 1962 650 2002 non
669 1947 706 2002 sit
723 1947 830 2007 dietim
848 1949 932 2019 prius

143 2029 200 2106 qu'a
217 2050 249 2088 re
266 2033 410 2103 aequomst
426 2048 475 2087 vos
492 2031 657 2100 cogndscere
674 2036 759 2103 atque
775 2034 928 2104 igndseere,

143 2135 217 2190 quae
233 2119 344 2174 viteres
361 2116 526 2172 iaetittnmt
544 2117 568 2171 si
584 2117 693 2172 faciint
709 2119 781 2176 novi.

143 2203 212 2259 date
229 2204 351 2273 6pemm,
368 2219 437 2257 aum.
448 2202 556 2257 silentio
573 2204 695 2257 animum
712 2204 858 2274 attindite,

142 2293 177 2345 ut
193 2287 371 2361 pernoscatis,
389 2287 458 2358 quid
476 2287 528 2343 sibi
546 2287 694 2346 nannents
712 2289 786 2346 velit
966 2296 1002 2345 4⁶
