2310 4050
142 279 191 327 aad
459 276 501 363 ΙΙ).
519 273 677 326 TERENTI
826 272 883 338 [111
895 274 917 337 1,
929 271 1005 323 l-ll.

450 514 603 585 AOTVS
627 514 695 586 ΙΙΙ.

296 687 476 744 ΡΔΜΡΗηνε.
512 688 665 744 Paulinae.
707 687 870 746 Muniam.

64 791 110 847 lll
125 807 133 847 1
148 797 221 852 Pam.
239 795 265 850 N
268 796 350 853 emini
369 813 422 867 ego
441 797 524 868 plura
541 798 602 854 esse
623 798 728 854 acerba
744 799 834 854 credo
853 799 913 870 [ex]
928 812 1011 853 amors

645 879 754 934 homini
772 880 912 951 quuam
929 879 1012 935 oblata

148 959 231 1027 quim
250 958 296 1013 mi.
327 958 382 1014 heu
400 974 447 1014 me
465 959 613 1026 infelicem,
632 960 754 1015 hancine
770 976 826 1031 ego
842 961 933 1016 vitam
947 959 1012 1032 parsi

842 1047 848 1081 l

147 1122 244 1177 hicine
261 1138 345 1177 causa
362 1138 415 1191 ege
437 1123 514 1178 erim
533 1126 614 1180 tanto
632 1041 868 1195 operepssddlpbirdus
886 1121 1013 1180 redeundi

707 1204 847 1262 domum!
873 1205 933 1274 bui,

149 1284 253 1353 quanto
268 1285 362 1339 fuerat
378 1284 574 1354 praestabilius
589 1285 681 1341 ubivis
697 1286 831 1356 gentium
845 1287 931 1357 agere
948 1287 1013 1341 aea-

126 1456 234 1515 squam
253 1443 308 1500 hie
326 1444 420 1501 redire
434 1449 523 1516 atque
536 1446 605 1503 haia
621 1448 662 1504 ita
678 1370 900 1503 eabbmmiserum
919 1465 964 1504 me
978 1463 1015 1502 re·

707 1527 852 1583 scisceret
970 1532 1015 1582 285

150 1606 214 1661 nam
233 1622 284 1661 nos
306 1622 400 1661 omnes
424 1607 528 1676 quibus
547 1610 592 1662 est
612 1607 743 1663 alicunde
768 1609 877 1680 aliquis
899 1607 1016 1664 obiectis

152 1767 232 1821 dmne
250 1766 325 1836 quod
344 1769 389 1822 cst
406 1766 514 1823 interea
533 1770 646 1838 tempus
668 1689 865 1840 priffiosduam
890 1769 922 1824 id
944 1768 1016 1826 resci-

708 1848 801 1904 ttmst
818 1850 936 1906 lucrosa

104 1929 106 1935 '
153 1928 224 1983 Pla.
241 1929 272 1984 at
283 1929 322 1984 sie
334 1929 414 1985 citius
428 1929 478 2000 qui
489 1931 520 1985 te
531 1928 666 1999 expedias
677 1928 724 1984 his
736 1931 885 1985 aerumnis
896 1930 1016 2001 reperias

152 2011 178 2064 si
200 2027 255 2064 non
278 2013 414 2082 rediisses,
437 2011 507 2067 haee
531 2011 591 2068 irae
613 2013 706 2067 fictae
732 2016 834 2106 essent
859 2013 952 2068 multo
969 2012 1018 2068 im·

120 2182 141 2220 10
155 2171 204 2227 sed
217 2189 290 2229 nune
309 2174 460 2231 adventius
475 2178 554 2231 tuom
570 2175 675 2244 ambas,
694 2093 854 2246 ξὲᾚύο,
876 2176 935 2232 seio
951 2176 1019 2231 rive

156 2335 213 2390 rdm
233 2351 395 2406 cognosces:
428 2338 500 2393 iram
523 2335 672 2407 expedies:
707 2259 827 2430 ἓξὲξ.
848 2337 881 2392 in
905 2260 1018 2408 guatissidbl

155 2497 226 2553 livia
243 2500 316 2568 sunt,
336 2515 407 2568 quae
425 2498 459 2555 tt
475 2496 624 2569 pergravia
637 2512 699 2553 esse
713 2420 895 2553 ibsfflibsdm
912 2495 1019 2552 induxti

157 2665 231 2720 Pin.
249 2664 318 2736 quid
334 2664 475 2721 etnaolare
492 2663 558 2720 mei
586 2662 622 2719 an
640 2583 926 2734 mxx-usquam
936 2663 1018 2732 gend·

679 2820 682 2825 .
712 2742 792 2799 umst
808 2746 901 2813 aeque
920 2744 1018 2801 miseri

158 2826 234 2898 prius
247 2842 329 2897 quam
346 2826 417 2884 hanc
433 2843 550 2883 uxorem
563 2823 640 2894 dlxi,
657 2824 797 2881 habebam
815 2825 886 2881 alibi
901 2825 1018 2882 animm

713 2906 802 2961 amori
820 2907 970 2965 deditum:

159 2992 253 3049 tamen
263 3005 413 3059 numquam
429 3004 512 3046 ausus
529 2987 591 3044 siun
609 3003 738 3043 recusare
750 2987 813 3042 eam
826 3005 914 3059 quam
925 2988 965 3043 mi
975 2987 1019 3043 ob-

712 3066 807 3123 trudit
822 3072 925 3138 pater:
971 3072 1018 3123 aab

126 3165 148 3208 1⁵
160 3154 217 3209 iam
233 3151 262 3208 in
277 3150 330 3208 hac
348 3167 388 3222 re,
400 3153 434 3206 ut
454 3152 571 3221 taccam,
589 3148 698 3221 quoivis
715 3149 799 3204 facile
816 3150 921 3205 scitust
941 3164 1018 3220 qnam

713 3231 818 3288 fuerim
836 3232 930 3290 miser.

160 3318 207 3374 vix
224 3333 270 3373 me
285 3315 358 3373 illim
375 3314 499 3373 abstraxi
516 3319 605 3386 atque·
620 3313 778 3385 inpeditum
795 3313 825 3368 in
843 3330 879 3370 ea
897 3312 1019 3386 expedivi

715 3395 839 3451 animum
856 3413 961 3466 meum,

162 3482 265 3553 vixque
281 3479 337 3537 hdc
349 3478 534 3538 contuleram:
554 3494 599 3536 em
617 3477 688 3534 ntva
708 3493 754 3532 res
771 3479 871 3548 ortast,
887 3479 972 3548 pirro
986 3474 1019 3532 ab

330 3560 333 3567 ’
648 3558 701 3616 hac
719 3574 791 3630 quae
803 3575 850 3615 me
867 3558 1017 3616 abstrahat
