2310 4050
168 285 219 336 200
499 285 529 335 Ρ.
546 280 699 335 TERENTI
820 276 1014 346 [midi—ii.

168 398 258 468 neque
269 415 331 454 mee
339 397 424 468 eulpa
433 398 487 454 hee
502 397 648 454 discidium
660 396 792 467 evenisse,
809 397 841 453 id
855 397 944 453 testtr
954 396 1013 451 dees

170 478 218 534 sed
236 480 347 549 quando
364 496 425 535 sese
443 480 502 536 esse
518 479 661 548 indignam
680 476 808 549 deputat,
827 475 915 533 matri
930 493 1000 533 mese

169 561 239 631 qnse
256 561 389 617 eoneedst
406 561 520 632 eiusque
536 566 627 616 mores
644 561 818 616 teleretsus
835 560 976 629 modestis,

169 642 257 713 neque
274 644 328 698 alio
346 645 427 715 peett
444 647 538 715 potest
556 645 682 714 eompdni
699 643 774 699 inter
792 661 842 699 ess
858 640 964 713 gretie:

134 741 158 780 se
170 725 340 796 segreganda
358 730 408 782 snt
428 726 522 782 miter
543 743 624 782 arne
644 728 698 795 est,
717 723 868 796 Phidippo,
893 730 943 782 ent
964 721 1013 782 Phi

726 805 847 862 limena
974 813 1013 863 400

170 890 244 944 mine
254 906 300 945 me
311 890 401 961 pietas
412 888 511 946 mitris
522 887 615 959 petius
627 887 801 943 etmmednm
814 889 916 946 suades
927 889 1001 960 sequi.

170 972 220 1027 Ls.
250 973 401 1042 Ptmphile
418 972 495 1028 heud
511 972 599 1027 invite
621 971 659 1025 ed
682 970 757 1025 auris
774 971 868 1027 sermo
885 972 925 1027 mi
941 989 1014 1028 seces

586 1055 588 1058 ⁴
724 1051 763 1106 sit
779 1055 856 1121 tuos,

170 1132 253 1202 quem
270 1135 300 1188 te
317 1135 493 1204 postputs‘ssse
507 1131 596 1187 omnis
611 1147 656 1186 res
672 1133 737 1202 prae
748 1136 869 1203 parente
885 1134 1013 1204 intellege:

170 1211 263 1265 rernm
280 1210 344 1266 vide
360 1228 397 1266 ne
413 1210 537 1280 inpiisus
554 1211 596 1264 irs
612 1209 699 1280 prtve
714 1209 837 1279 insistes,
857 1210 1001 1282 Ptmphile.

134 1306 158 1346 ss
171 1290 219 1345 ΡΑ.
249 1291 350 1361 quibus
373 1292 422 1347 iris
444 1291 570 1361 inprilsus
591 1291 704 1346 tandem
727 1290 802 1346 mine
825 1291 855 1346 in
878 1293 955 1348 illsm
974 1292 1012 1347 ini·

724 1373 794 1441 ques
811 1373 900 1430 siemi
973 1374 1013 1430 re

172 1470 243 1523 quse
258 1451 407 1524 nimqnsm
425 1453 572 1525 quiequam
588 1455 654 1524 engi,
664 1470 710 1508 me
724 1455 925 1525 commeritist,
940 1460 1013 1527 peter,

170 1534 245 1604 quod
261 1535 369 1603 utilem,
386 1538 416 1590 et
432 1553 516 1606 saepe
532 1536 657 1591 meritam
675 1534 751 1605 qnod
767 1535 869 1592 vellem
888 1539 957 1594 seio:

171 1615 287 1686 emique
304 1620 335 1671 et
352 1617 434 1672 laudo
451 1622 481 1672 et
498 1618 640 1672 vemeneer
657 1615 800 1672 desidero:

169 1712 234 1750 nem
251 1697 336 1751 fuisse
353 1714 419 1767 erga
436 1689 482 1752 me
498 1698 569 1753 miro
586 1697 695 1767 ingenio
712 1698 845 1768 expertus
862 1717 934 1770 snm,

135 1791 158 1830 se
170 1777 266 1847 illique
283 1781 384 1848 exopto
401 1782 434 1833 ut
451 1778 580 1834 relicusm
597 1780 683 1834 vitani
701 1778 794 1848 exiget
972 1784 1012 1836 400

170 1876 233 1915 eum
250 1858 284 1914 eri
301 1858 368 1929 viro,
385 1876 431 1915 me
449 1861 496 1930 qui
514 1861 550 1915 sit
566 1860 742 1929 fertunitinn

170 1940 391 2012 quendiqnidem
408 1942 484 1996 illam
501 1958 519 1996 e
535 1959 579 1997 me
597 1943 729 1998 distrahit
745 1945 903 2003 neeessitas

171 2020 222 2075 ΡΗ.
252 2020 303 2076 tibi
321 2018 352 2074 id
369 2021 399 2076 in
416 2025 527 2077 mannst
543 2039 580 2077 ne
597 2021 661 2078 fiet.
698 2023 748 2079 Le
773 2024 796 2079 si
815 2027 900 2082 senis
918 2026 976 2096 sies,

169 2101 233 2157 iube
250 2103 325 2158 illem
341 2103 442 2159 redire.
476 2105 526 2159 ΡΑ.
548 2105 603 2160 n6n
621 2108 665 2161 est
681 2105 833 2177 consilinm,
851 2113 946 2178 pater:

134 2181 267 2236 semestris
284 2182 391 2238 servibo
408 2184 562 2240 ctmmodis.
599 2186 650 2241 Ls.
671 2202 725 2255 qno
743 2186 821 2243 abisi
839 2205 929 2262 mane,
969 2196 1010 2247 495

168 2279 257 2334 mane,
275 2265 401 2335 inquam:
425 2281 479 2334 quo
497 2267 574 2322 ebis'i
619 2268 671 2322 Pe.
702 2285 774 2338 quae
791 2269 860 2326 hsee
877 2275 922 2328 est
938 2271 1010 2344 pert'·

724 2348 822 2405 nicia?

169 2425 219 2479 Le
244 2425 330 2495 dixin,
343 2426 485 2498 Phidippe,
496 2428 567 2482 hene
578 2444 638 2482 rem
649 2426 730 2496 segre
741 2428 865 2484 laturum
874 2431 934 2487 esse
944 2430 1011 2487 enni

169 2523 251 2575 quem
267 2507 360 2562 obrem
377 2511 407 2562 te
424 2510 544 2578 orabam,
560 2509 650 2563 filiam
667 2514 700 2562 ut
717 2509 885 2567 remitteres.

170 2587 221 2644 Pe.
250 2604 305 2643 non
322 2589 427 2644 credidi
445 2588 543 2659 edepol
561 2590 631 2645 tdeo
647 2589 827 2645 inhumanim
844 2592 918 2649 iore:

133 2681 157 2721 σο
167 2667 208 2722 its
225 2667 297 2722 nine
313 2668 336 2722 is
354 2668 406 2723 sibi
424 2686 469 2725 me
486 2669 701 2740 sipplieatnrdm
718 2672 808 2740 putet
969 2677 1011 2727 000

167 2750 191 2804 si
209 2754 253 2806 est
272 2752 305 2806 rit
322 2751 389 2806 velit
405 2751 560 2808 reddieere
576 2754 697 2821 uxorem,
714 2753 792 2808 lieet:
880 2764 883 2769 ‘

167 2831 208 2885 sin
227 2832 308 2887 iliost
325 2833 424 2901 enimn,
441 2835 599 2889 renumeret
617 2834 711 2888 dotem
729 2833 791 2903 hie,
809 2837 865 2890 eat

167 2911 217 2966 Ls.
246 2929 309 2968 eece
326 2914 420 2968 etitem
438 2917 470 2969 tu
487 2931 598 2984 quoque
615 2914 745 2984 preterve
761 2914 911 2972 ireedndus
928 2927 963 2972 es

167 2991 219 3047 Pe.
248 2994 445 3062 pereentnmex
463 2994 562 3049 redisti
579 2995 633 3050 hue
650 2993 736 3061 nobis,
755 2995 908 3066 Psmphiie

132 3072 217 3127 sehr„
246 3075 362 3129 decedet
379 3074 435 3129 iem
451 3075 493 3129 irs
509 3075 585 3145 haee,
603 3077 655 3132 etsi
671 3076 771 3132 merito
788 3077 878 3134 initus
889 3083 941 3135 est.
966 3083 1009 3134 505

167 3152 220 3221 ΒΗ.
249 3153 313 3223 quie
330 3155 443 3224 parilum
461 3156 538 3210 vobis
555 3156 671 3211 ieeessit
688 3157 828 3227 peennine,

165 3234 269 3289 subiisti
286 3236 369 3290 animi
387 3239 459 3292 sunt.
495 3237 545 3294 LA.
570 3238 653 3293 etiam
670 3254 779 3294 meeum
796 3238 908 3310 litigssi

167 3316 218 3370 ΡΗ,
249 3315 385 3373 dehiseret
402 3317 600 3388 renuntietque
615 3318 697 3375 hodie
713 3319 788 3388 mihi,

164 3395 267 3452 velitne
284 3414 320 3452 an
335 3415 403 3454 non:
421 3402 454 3453 ut
472 3399 526 3467 dlii,
545 3399 568 3454 si
586 3399 650 3454 hnie
666 3417 722 3454 non
739 3401 788 3471 est,
807 3401 869 3460 siet.

132 3487 155 3526 ee
165 3475 214 3530 LA.
239 3476 383 3547 Phidippe,
396 3479 469 3547 edes,
482 3478 548 3534 sudi
560 3480 661 3551 pates.
682 3480 757 3536 abiit
780 3483 850 3553 qnid
861 3487 940 3542 meai
967 3489 1012 3540 510

164 3559 301 3628 pestremo
318 3560 391 3621 inter
408 3577 438 3617 se
456 3561 610 3631 trinsigent
627 3561 688 3633 ipsi,
707 3564 741 3621 rit
757 3563 845 3636 lubet,
