2310 4050
162 276 209 324 150
485 277 514 326 Ρ.
532 277 685 326 TERENTI
775 278 823 342 [iv
833 279 858 337 5,
868 278 958 337 43-6‚
968 279 1001 327 19.

162 389 222 443 dixi
240 386 416 460 detergente,
435 391 511 460 qu6d
528 392 582 446 iata
600 391 686 447 debet
704 391 847 464 Baicchidi,

162 470 192 525 id
209 471 282 526 uimc
299 472 501 526 reddendumst
518 472 571 527 ssli:
589 488 679 542 neque
697 478 730 526 ιιι
747 473 854 528 scilicet

127 563 151 604 ιι
163 551 227 606 illuc
245 553 398 621 confugies:
419 553 505 622 ‘quid
523 555 600 607 meai
622 571 687 608 num
705 554 774 608 mihi
791 554 935 611 datumati

163 645 229 683 num
247 629 329 684 idacii
348 647 414 685 num
432 631 478 685 illa
495 630 678 700 oppignerare
694 631 781 685 fssiam

164 708 254 759 medm
266 723 311 760 me
322 707 409 762 invite
420 707 511 777 pdtuit
521 708 539 762 ι’
564 724 658 761 verum
670 706 750 777 illud,
765 706 907 778 Chremes,
964 711 1007 766 795

164 787 271 842 dicunt:
291 788 346 842 ‘iua
364 805 500 842 summum
518 789 600 857 saepe
616 792 751 843 summast
767 780 892 844 mulitia*

165 872 215 928 Cu.
241 873 295 928 hau
306 874 412 928 ficiam.
449 874 494 930 Su.
518 876 601 929 immo
613 875 672 930 aliia
684 874 709 930 si
721 875 793 941 licet,
805 875 858 930 tibi
872 876 926 931 ndu
936 874 1007 930 lieet:

128 957 256 1010 momnis
272 960 302 1011 te
319 957 348 1010 in
365 956 441 1011 lauta
457 973 511 1011 cece
529 959 557 1012 et
575 958 645 1012 benc
661 961 744 1012 aucta
761 962 794 1011 νέ
810 960 920 1028 putant

165 1036 218 1091 ΟΠ.
241 1038 307 1107 quin
333 1039 441 1106 egomet
466 1038 521 1092 iam
547 1037 584 1093 ad
608 1055 671 1092 eum
688 1038 819 1096 deferam.
859 1039 910 1094 Su.
933 1037 1008 1091 immo

708 1120 798 1174 filium

165 1198 229 1253 iube
241 1199 340 1270 pdtius.
377 1200 430 1254 Cn.
449 1216 532 1268 quam
544 1199 654 1256 obremi
683 1201 729 1256 Su.
749 1200 903 1270 quiceuim
915 1199 1009 1254 iueum

709 1281 854 1350 auspitioat
966 1283 1010 1334 800

164 1360 300 1415 traneldta
318 1361 424 1415 euteria
460 1360 513 1415 On.
533 1361 602 1430 quid
616 1363 696 1416 tumi
731 1362 777 1417 Su.
796 1362 863 1431 quia
881 1360 1011 1417 videbitur

165 1443 252 1512 magis
269 1443 325 1498 veri
343 1442 430 1496 simile
447 1440 477 1495 id
495 1442 561 1509 esse,
579 1459 660 1512 quom
678 1443 723 1498 hic
739 1443 781 1497 illi
798 1442 893 1497 dabit:

129 1541 152 1581 ιι
165 1530 194 1580 et
212 1524 293 1578 simul
311 1524 451 1578 conficiam
468 1524 573 1578 ftciliuc
591 1540 642 1593 ego
659 1524 734 1593 qu6d
751 1525 821 1579 vole.

165 1607 224 1675 ipse
242 1604 312 1660 ideo
329 1604 421 1660 adest:
440 1604 493 1674 abi,
510 1605 584 1660 ecfer
600 1609 754 1675 argentum.
791 1605 844 1661 011.
869 1604 966 1661 ecicrc

451 1749 597 1805 Cmumuc.
630 1749 729 1807 Suam.

88 1846 129 1899 IV
141 1863 153 1903 ι
167 1849 213 1904 Cu
250 1847 359 1902 Nullust
375 1851 433 1902 tam
450 1847 537 1902 facitis
554 1849 605 1916 ree,
623 1847 690 1915 quin
707 1846 826 1901 difficilis
843 1846 908 1917 ciet,
965 1849 1010 1902 805

167 1946 249 1999 quom
267 1928 370 1982 invitus
387 1928 477 1983 facias.
501 1928 544 1983 vel
561 1946 606 1983 me
623 1929 691 1982 haec
708 1927 907 1997 deambulatio,

167 2027 249 2078 quam
267 2010 322 2062 ιιόιι
339 2009 481 2076 laberium,
499 2009 536 2063 cd
554 2009 711 2078 languorem
728 2008 815 2063 dedit.

167 2090 382 2158 necquicquam
400 2090 487 2157 magis
504 2107 576 2143 nunc
594 2091 687 2144 metuo
705 2106 788 2159 quam
804 2105 842 2144 uc
860 2088 951 2144 denuo

142 2186 153 2226 e
168 2171 251 2225 miser
262 2171 353 2240 {aliquo
365 2171 499 2225 extrudar
511 2170 581 2239 hinc,
596 2188 631 2225 ne
646 2162 775 2225 accedam
789 2169 826 2224 ad
844 2169 1013 2225 Btccbidcm.

166 2257 199 2307 ut
216 2253 244 2306 te
261 2252 372 2321 quidem
390 2252 419 2304 di
437 2251 561 2320 deaeque
580 2254 673 2306 (imnee
691 2255 854 2322 quantumst
871 2251 935 2306 edm
951 2255 1004 2317 tuo,

167 2334 241 2401 Syre,
259 2334 328 2388 istdc
345 2333 456 2387 invento
473 2333 592 2402 cumque
609 2335 718 2403 incepto
735 2333 879 2402 perduint!
968 2337 1013 2388 811

166 2414 247 2469 huius
264 2414 338 2468 modi
356 2415 423 2468 mihi
440 2431 485 2468 res
502 2415 609 2484 semper
626 2414 839 2482 comminiscere,

168 2497 215 2551 ubi
233 2512 277 2550 mc
295 2495 485 2551 exccmuficea.
522 2496 567 2550 Su.
592 2496 647 2550 itin
665 2496 727 2551 hinc
745 2511 800 2564 quo
817 2495 922 2564 dignus
937 2494 983 2550 eei

134 2592 154 2632 ιο
168 2595 251 2646 quam
268 2578 354 2645 paine
372 2582 421 2632 tua
438 2593 482 2631 me
500 2577 623 2648 perdidit
640 2578 815 2647 protervitas!

169 2661 216 2716 eu.
240 2659 339 2714 vellem
356 2657 447 2713 hercle
464 2658 575 2727 factum,
592 2657 633 2712 ita
649 2658 780 2713 meritu’s.
817 2655 865 2713 Su.
887 2652 1016 2712 meiituai

711 2740 764 2808 qut
782 2738 883 2794 modci
968 2741 1015 2794 815

168 2839 203 2877 ne
221 2822 294 2877 istuc
311 2839 345 2876 ex
364 2825 394 2876 tc
410 2819 487 2890 prius
504 2820 643 2874 audivisse
659 2819 775 2887 geddeo,
893 2813 896 2820 ’

169 2921 253 2974 quam
269 2902 414 2971 argentum
432 2900 555 2969 haberes,
573 2899 648 2968 qu6d
665 2900 781 2955 daturus
796 2898 853 2953 um
870 2898 918 2953 m

169 2985 216 3040 Cu.
241 2983 309 3053 quid
325 2983 412 3052 igitur
429 2982 519 3036 dicum
536 2981 589 3036 tibi
607 2982 666 3036 visi
690 2981 757 3035 abiu
774 2981 875 3036 iutiuci
893 2979 966 3034 mihi.

133 3076 155 3116 ιι
168 3065 284 3120 amicam
301 3063 425 3132 adduxti,
443 3063 527 3131 quim
544 3079 599 3116 non
616 3062 749 3116 licitumst
766 3062 888 3130 ttngere.

168 3149 212 3204 Su.
233 3149 287 3202 iem
299 3147 352 3201 ndu
361 3162 421 3199 aum
432 3145 526 3199 iratus.
544 3144 658 3200 sedecia
670 3144 717 3199 ubi
729 3160 801 3198 nunc
812 3143 851 3198 sit
862 3141 917 3198 tibi
970 3146 1017 3199 82⁰

168 3234 217 3285 tua
236 3227 371 3283 Bacchis?
399 3226 446 3281 Cu.
465 3225 539 3295 apud
557 3243 614 3280 noa.
644 3226 689 3281 Su.
709 3227 770 3280 ntn.
808 3224 859 3280 Ou.
877 3223 928 3279 ubi
939 3223 1019 3294 ergci

715 3308 758 3363 Su.
778 3305 853 3376 apud
871 3305 995 3361 Gliciam.

168 3391 215 3445 Cu.
238 3389 316 3459 penu
350 3389 396 3445 Su.
416 3387 488 3441 bono
505 3388 596 3442 animo
613 3404 654 3442 ee:
672 3387 726 3442 iam
744 3387 891 3456 argonam
907 3384 947 3441 ud
961 3398 1019 3441 enm

715 3467 831 3536 ddicres,

168 3551 243 3621 quod
254 3551 282 3607 ci
293 3551 446 3622 pollicitu'a.
479 3550 526 3605 Cu.
543 3550 642 3618 genis.
654 3548 745 3605 undet
781 3548 827 3605 Su.
845 3550 1019 3619 ctutpctrc
