2310 4050
524 279 551 330 P.
570 280 723 332 amaram
886 284 1049 350 [111,1-ao.

518 515 669 585 AGTVS
693 518 738 585 IL

476 685 602 742 chnrs.
638 687 790 744 Seserem.

141 782 173 836 ΙΙ
187 797 196 836 ¹
210 788 258 843 La
279 790 334 845 Pro
351 790 435 847 deum
452 793 538 864 ttqua
553 795 695 851 hominum
712 795 804 865 fidem,
817 796 895 868 quod
912 798 965 853 hoa
980 812 1054 867 geras

611 881 661 946 ast,
675 894 746 948 quae
758 877 826 934 hate
838 881 883 934 est
894 879 1051 934 coniurttio!

209 950 269 1006 utin
286 952 379 1009 tmnes
394 953 521 1011 mulieris
539 955 636 1011 eadem
655 974 743 1028 eaque
761 957 900 1014 stirdeant
924 961 1055 1031 nolintque

765 1041 861 1097 amnia

210 1132 301 1185 neque
318 1116 483 1173 declinatam
501 1119 648 1190 quiequam
666 1122 701 1176 ab
719 1121 836 1177 aliarum
855 1122 970 1192 ingenio
986 1122 1056 1177 ullam

763 1203 903 1273 rtperiast
1015 1208 1057 1258 tot

210 1281 306 1349 itaque
327 1278 398 1334 tdee
416 1297 470 1336 uno
488 1281 581 1337 anime
597 1283 691 1339 omnes
705 1299 799 1338 soarus
813 1290 908 1340 ornata
924 1303 991 1341 suaa
1006 1285 1058 1339 ode

762 1364 830 1420 rtmt
848 1382 944 1422 nurus.

187 1441 277 1499 eviris
295 1441 353 1496 esse
377 1440 508 1497 advorsae
530 1443 618 1515 atque
642 1444 802 1514 studiumst‚
825 1446 927 1502 similis
950 1446 1059 1519 pertint

764 1526 842 1583 eiast

212 1604 241 1657 in
253 1603 407 1673 etdemque
419 1620 514 1659 amnes
525 1605 594 1659 mihi
609 1607 739 1662 videntur
750 1607 818 1663 ledo
831 1608 935 1665 doctae
946 1610 984 1664 ad
996 1608 1060 1665 met

766 1688 853 1745 tiam:

214 1768 240 1823 ei
258 1767 331 1837 lide,
352 1766 375 1822 si
393 1766 465 1821 ullus
487 1768 536 1836 est,
556 1769 718 1838 magistram
736 1770 807 1826 hane
825 1772 886 1828 tsse
908 1773 979 1829 satis
995 1771 1061 1828 certi

760 1868 823 1907 smo.

215 1932 258 1986 Se.
276 1949 321 1987 me
334 1931 470 1999 miseram,
481 1946 552 1999 quae
564 1946 637 1985 nune
648 1948 733 2000 quam
744 1932 839 1988 tbrem
851 1949 968 1990 accuser
978 1933 1064 1990 nscio.

767 2013 818 2070 LA.
836 2013 911 2083 hem,
1021 2018 1064 2069 2⁰5

215 2097 247 2147 tu
258 2093 364 2149 nescis?
400 2093 443 2148 Se.
461 2092 561 2159 neseio,
579 2091 621 2146 ita
638 2109 683 2148 me
701 2092 730 2146 di
748 2098 850 2164 ament,
869 2095 911 2148 mi
930 2094 1047 2159 Ias-ehem

126 2204 137 2225 s
181 2192 203 2231 m
214 2176 309 2245 itaque
321 2175 376 2228 tina
387 2174 461 2228 inter
473 2189 523 2227 nos
535 2173 619 2242 sigere
630 2176 754 2229 aetatem
766 2174 859 2230 liceat.
894 2176 948 2231 LA„
964 2175 994 2230 di
1005 2173 1067 2229 mals

766 2256 944 2326 prthibeant.

216 2340 260 2395 So.
277 2355 377 2408 meque
396 2337 447 2392 {abs
463 2341 493 2393 te
511 2336 639 2392 inmerito
654 2354 715 2393 esse
732 2338 892 2394 teeusatam
909 2342 977 2411 ptst
993 2339 1067 2396 meda

773 2420 912 2489 rescisces,
932 2423 996 2477 scie.

217 2503 266 2559 La
284 2506 314 2558 te
326 2502 475 2558 inmtritet
500 2518 536 2556 an
552 2499 700 2571 quicquam
716 2517 767 2571 pro
785 2501 848 2557 istis
866 2501 951 2558 factis
963 2503 1068 2574 dignum

771 2585 802 2639 te
820 2582 878 2638 diet
895 2587 1012 2655 potest?

219 2682 291 2737 quae
315 2682 360 2720 me
388 2667 416 2722 tt
439 2669 471 2721 te
498 2668 527 2719 et
551 2663 683 2719 familitm
707 2663 866 2733 dedecoras,
889 2666 952 2721 tilio
972 2666 1069 2722 lumem

772 2761 863 2815 paras.
1023 2751 1068 2801 21⁰

219 2834 279 2886 tum
290 2832 385 2886 autem
397 2829 431 2884 tx
443 2827 539 2883 amicis
552 2825 655 2882 inimici
667 2829 699 2881 ut
712 2824 768 2881 siat
780 2825 861 2882 ntbis
872 2827 980 2884 adfints
993 2827 1060 2893 freis

185 2912 267 2983 requi
288 2909 366 2966 illtm
390 2910 541 2965 decrerunt
559 2907 685 2977 dignum,
704 2924 767 2963 suos
790 2907 857 2977 quoi
880 2907 987 2965 liberos
1007 2925 1071 2965 eam-

230 3004 237 3017 ’
775 2989 932 3046 mitterent

220 3078 253 3128 tu
270 3071 328 3127 stla
345 3087 467 3136 exorere,
486 3071 555 3138 quat
572 3069 722 3140 perturbes
738 3069 807 3125 hate
824 3072 875 3126 tua
892 3071 1057 3141 inpudtatia

221 3155 265 3210 Se.
284 3153 375 3222 egent
419 3152 468 3207 La
486 3156 519 3208 tu
537 3152 651 3221 inquam
675 3149 782 3219 mulier,
806 3152 878 3219 quse
901 3169 949 3208 me
971 3152 1071 3208 omnine

630 3229 761 3300 ltpidem
772 3246 827 3285 nea
839 3231 979 3287 hominem
989 3235 1071 3302 putas

222 3333 265 3385 an,
277 3313 343 3385 quia
354 3311 413 3367 ruri
425 3311 523 3368 erebro
539 3313 600 3368 tsse
613 3310 695 3379 soleo,
708 3310 814 3367 ntseire
826 3312 1001 3368 arbitremini
1027 3318 1072 3369 215

223 3413 278 3469 que
295 3395 414 3466 quisque
430 3399 513 3464 paeto
531 3394 576 3448 hia
593 3393 680 3448 vitam
700 3397 857 3448 vostrarum
875 3395 986 3464 txigatt

186 3493 211 3533 aa
225 3477 311 3540 mislte
323 3477 421 3532 melius
440 3475 485 3531 hic
502 3492 573 3546 quae
588 3474 661 3528 fiunt
678 3490 763 3544 quam
774 3473 817 3529 tlli
830 3475 880 3531 ubi
896 3492 958 3532 sum
969 3474 1073 3533 adsidui

775 3571 848 3613 sera:
