2310 4050
176 265 216 317 1v
227 267 253 328 5,
265 266 384 333 11-4a.]
419 270 560 320 Emori
583 271 843 323 TIMORVMENOS.
986 271 1033 321 149

176 381 232 439 011.
268 382 362 438 videre
380 383 470 454 egisse
487 385 542 441 iam
559 386 651 441 nescio
669 386 737 456 quid
754 387 818 442 οιίιιι
835 381 921 442 serre?

176 461 224 520 ΒΥ.
257 462 294 519 de
316 463 362 520 illo
386 465 462 534 quod
485 465 607 522 duduml
639 466 744 521 dictum
769 466 824 538 [ac]
846 466 951 523 factum
972 464 1034 522 red-

727 547 794 604 didi.
982 550 1033 606 760

175 623 230 680 011.
252 622 346 680 bonan
364 625 438 683 fidel
475 627 521 685 ΒΥ.
545 625 624 684 bona
658 627 711 685 cn.
736 629 827 686 hercle
845 646 901 685 non
920 629 1032 700 possim

724 713 792 780 pati,

176 787 245 857 quin
262 785 316 844 tibi
332 793 417 859 caput
435 789 622 845 demulceam:
638 791 739 847 accede
756 792 818 860 huc,
837 792 917 862 Syro:

140 878 163 918 1⁵
175 869 278 924 faciam
294 870 359 924 boni
376 870 428 925 tibi
446 870 551 940 aliquid
568 889 620 942 pro
636 873 691 928 ista
708 890 747 942 re,
766 874 798 928 ac
814 873 920 929 lubens.

177 949 226 1005 ΒΥ.
249 953 281 1005 at
298 950 324 1005 si
340 951 410 1006 scias
427 968 510 1021 quam
528 952 599 1006 scite
615 953 644 1007 iu
660 957 782 1008 mentem
799 954 914 1009 venerit.

176 1029 232 1087 ΟΠ.
254 1031 318 1100 vah,
335 1031 455 1101 gloriare
472 1032 594 1087 evenisse
611 1050 646 1087 ex
664 1035 821 1089 sentential
979 1038 1031 1094 765

176 1112 225 1168 ΒΥ.
247 1130 302 1169 non
320 1113 412 1169 htrcle
428 1130 502 1182 vero,
519 1114 614 1168 strum
631 1115 700 1170 dico.
744 1116 797 1170 ΟΥ.
822 1115 868 1169 dic
886 1113 954 1184 quid
971 1117 1031 1171 estl

176 1192 223 1250 ΒΥ.
246 1194 289 1248 tui
307 1194 473 1264 Clitiphonis
490 1196 549 1250 isse
566 1195 682 1250 amicam
699 1197 769 1252 hanc
787 1195 954 1252 Btcchidem

138 1284 164 1324 ao
175 1273 342 1330 Menodtmo
359 1273 432 1330 dixit
450 1274 547 1343 Clinia,
565 1280 595 1330 et
612 1292 645 1330 eo
662 1277 754 1345 gratia

175 1371 271 1410 secum
289 1354 446 1424 adduxisse,
463 1356 497 1411 nt
513 1358 546 1410 tu
563 1355 593 1410 id
610 1357 835 1426 persentisceres.

176 1438 231 1493 (ln.
248 1437 341 1508 probe
371 1438 417 1493 ΒΥ.
438 1437 484 1493 dic
500 1437 590 1494 sodes
620 1439 682 1494 ΒΗ.
695 1440 818 1508 nimium,
837 1438 955 1510 inquam
986 1441 1031 1496 ΒΥ.

718 1521 802 1575 immo
819 1520 844 1575 si
861 1521 944 1577 scias:
980 1526 1030 1582 770

175 1599 228 1655 sed
244 1599 326 1670 porro
343 1599 474 1666 ausculta,
492 1598 566 1669 quod
583 1616 667 1670 super
683 1604 727 1656 est
743 1601 873 1656 fallaciae.

175 1698 238 1736 seso
256 1681 316 1752 ipse
334 1681 402 1736 dicit
418 1681 496 1735 tuam
514 1680 615 1735 vidisse
631 1679 732 1737 filiam:

138 1780 163 1820 se
175 1764 236 1819 eius
254 1763 307 1818 esui
324 1761 514 1832 complacitam
530 1761 653 1828 formam,
671 1765 818 1831 postquam
836 1762 989 1832 aspexerit:

174 1847 248 1901 hanc
264 1847 367 1916 cripere
383 1860 505 1899 uxorem.
550 1842 602 1897 Cn.
632 1843 750 1898 modone
774 1859 845 1913 quae
867 1844 1030 1900 inventaetl
1083 1866 1086 1868 ’

728 1923 773 1979 ΒΥ.
798 1941 873 1980 eam:

174 2010 207 2062 et
236 2005 351 2078 quidem
378 2003 487 2060 iubebit
514 2003 598 2075 posci.
639 2003 693 2059 (ln.
726 2020 808 2073 quam
832 2003 927 2060 obrem
950 2005 1029 2074 istic,

724 2084 808 2154 Syrel
979 2087 1029 2144 775

175 2183 242 2223 nam
258 2167 385 2236 prorsum
401 2165 441 2219 nil
457 2164 592 2233 inttllego.
628 2164 673 2221 ΒΥ.
696 2165 756 2230 vah,
772 2164 872 2220 tardus
889 2181 926 2221 es

176 2249 230 2304 Ora
254 2247 378 2301 sortisse.
413 2245 459 2300 ΒΥ.
483 2249 628 2313 argentum
647 2244 760 2299 dabitur
777 2250 805 2300 ei
822 2245 859 2299 ad
876 2245 994 2315 nuptias,

139 2350 163 2388 so
175 2346 275 2384 aurum
292 2328 376 2398 atque
393 2331 500 2381 vestem
517 2325 730 2395 qui...tenesnel
766 2326 817 2380 (ln.
835 2326 997 2395 comparati

176 2413 222 2469 ΒΥ.
234 2412 264 2467 id
276 2413 375 2482 ipsum.
392 2409 445 2464 (ln.
458 2412 488 2464 at
500 2424 551 2476 ego
562 2407 602 2462 illi
613 2409 703 2478 utque
715 2406 751 2461 do
763 2424 853 2476 neque
865 2406 1030 2477 despondeo.

176 2498 222 2552 ΒΥ.
240 2496 312 2551 nonl
330 2509 414 2563 quam
432 2491 542 2548 obreml
572 2492 623 2547 Cra
643 2507 726 2560 quam
743 2491 856 2546 obreml
876 2491 920 2545 mo
931 2492 1029 2560 rogasl

573 2572 756 2628 homini...Sr.
778 2571 810 2627 at
827 2570 913 2628 lubet.
978 2573 1030 2629 780

175 2676 232 2715 non
249 2659 300 2728 ego
316 2653 442 2712 dicebam
459 2653 488 2710 iu
503 2653 665 2722 ptrpetuom
683 2655 716 2707 ut
733 2653 809 2707 illam
826 2651 868 2706 illi
885 2652 974 2718 dares,

175 2757 273 2798 verum
291 2739 325 2794 dt
340 2736 490 2794 simulares.
526 2735 579 2792 On.
603 2735 659 2789 n6n
675 2738 767 2789 meast
783 2733 936 2789 simulatio:

139 2833 163 2874 so
175 2823 218 2879 ita
234 2825 267 2876 tu
283 2820 370 2876 istaec
386 2822 436 2874 tua
451 2817 572 2884 miscam,
589 2832 625 2871 no
642 2832 688 2870 me
705 2815 865 2870 admisceas

175 2921 229 2975 ego
246 2902 312 2974 quoi
328 2901 445 2957 daturus
461 2901 517 2955 ιιόιι
533 2914 602 2966 sum,
619 2900 653 2951 ut
668 2898 694 2952 ei
712 2895 915 2967 despondeamt

119 3010 122 3014 “
176 2987 223 3043 ΒΥ.
252 2983 406 3040 credebam
459 2981 512 3036 (ln.
547 2980 679 3034 minume.
730 2977 776 3031 ΒΥ.
816 2975 887 3030 scite
918 2976 1031 3044 poterat

727 3057 804 3112 fieri:
979 3061 1029 3116 785

175 3149 207 3204 et
223 3162 276 3216 ego
291 3143 351 3212 hoc,
367 3141 435 3211 quia
450 3141 557 3197 dudum
574 3133 606 3195 td
623 3141 702 3194 tanto
719 3153 802 3208 opero
819 3137 952 3206 suaseras,

175 3245 210 3284 eo
233 3225 319 3296 coept
360 3224 413 3280 011.
436 3222 528 3279 credo.
575 3221 622 3278 ΒΥ.
646 3220 769 3276 ceterum
795 3217 924 3288 equidem
948 3217 1028 3287 istac,

730 3300 870 3367 Chremes,

139 3405 163 3445 m
174 3387 260 3460 aequi
274 3385 398 3455 bonique
413 3383 493 3440 ficio.
527 3383 579 3439 Ora
603 3382 681 3451 atqui
698 3396 782 3450 quom
799 3380 928 3440 maxumo

175 3472 238 3526 volo
253 3470 284 3525 to
301 3467 370 3522 dare
386 3481 498 3536 operam
514 3468 547 3519 ut
563 3464 625 3531 frat,
642 3479 736 3518 verum
755 3461 808 3516 alia
824 3462 877 3517 via

175 3552 222 3610 ΒΥ.
246 3549 308 3618 liat,
323 3549 473 3617 quaeratur
490 3544 603 3615 aliquid.
625 3543 676 3600 sed
693 3542 763 3598 illud
781 3544 857 3612 quod
874 3541 927 3617 tibi
950 3550 952 3555 ’
980 3545 1031 3601 790
