2310 4050
158 283 206 334 sss
478 281 508 335 s.
525 278 681 334 nusum
730 279 807 347 [na
817 269 1001 340 aa-m1‚1i.

155 399 355 480 percontatum!
366 397 413 452 ibo
430 398 469 454 ad
486 399 608 470 portum,
627 397 720 469 quoad
736 413 768 453 se
783 395 908 466 rdclpiet

157 478 207 534 Gn
225 483 256 534 at
270 497 322 550 ego
334 479 526 550 Antiphonem
538 481 677 550 quaeram,
688 482 722 535 ut
736 494 809 574 quae
823 481 890 533 aeta
900 475 944 532 hio
957 473 1003 530 sint

156 640 207 696 sed
224 656 320 698 seeum
338 642 432 714 ipsum
449 641 532 697 video
549 639 579 695 iu
596 563 795 710 ιὸιιιροιοωὶιιῗιξ
811 651 844 694 se
861 637 984 707 rtoipere
1017 725 1019 729 Ι

450 821 592 876 hurrrno.
628 819 717 876 (ism.

73 947 121 1003 Ill
136 962 143 1001 ι
161 954 215 1007 Ar.
233 934 314 1008 E‘nim
332 967 405 1018 vero,
421 949 553 1021 Antipho,
570 949 742 1006 multimodis
760 966 824 1005 oum
839 947 912 1006 istoc
927 949 1005 1005 animo

714 1048 745 1087 es
761 1031 978 1101 vituperandus:

160 1116 236 1172 itane
252 1119 283 1173 te
300 1114 364 1169 hine
381 1114 473 1170 abisse
489 1117 520 1169 et
536 1113 621 1169 vitam
639 1113 718 1171 tutm
732 1112 883 1168 tutandam
896 1111 957 1168 aliis
969 1111 1006 1167 de

160 1279 227 1335 ilios
244 1283 321 1334 tuam
341 1294 402 1333 rem
425 1276 568 1332 crddidisti
592 1275 681 1346 magis
703 1293 788 1344 quam
811 1278 875 1332 tete
897 1275 1012 1331 animun.

569 1414 575 1427 ,
709 1357 898 1413 tdvorsurosl
938 1386 941 1393 ·

160 1457 223 1495 nam
241 1440 274 1496 ot
291 1443 324 1495 ut
340 1443 422 1495 erant
438 1439 500 1509 aliu,
511 1432 561 1494 ssli'
571 1442 648 1496 certe
665 1441 736 1509 quae
751 1455 826 1495 nune
844 1439 898 1495 tibi
915 1436 1007 1495 domist

710 1523 877 1591 consuleres,

137 1605 263 1674 suiquid
280 1608 396 1675 propter
413 1606 492 1662 tuam
510 1605 593 1660 fidem
612 1605 730 1676 decepta
746 1605 895 1676 poteretur
911 1603 989 1660 muli:

161 1682 259 1756 quoius
289 1702 360 1741 nuno
385 1686 503 1741 miserae
527 1687 591 1757 spes
617 1703 738 1756 opesque
763 1686 829 1742 siunt
856 1682 888 1740 in
911 1687 942 1740 te
963 1699 1008 1739 uno

717 1767 812 1821 omnes
828 1765 910 1822 sitae
966 1768 1017 1823 llo*

162 1850 212 1904 Gn.
234 1849 402 1919 etquidem,
421 1865 477 1918 ere,
495 1865 545 1904 nos
563 1849 619 1904 iam
637 1848 744 1904 didum
764 1847 860 1903 hieto
877 1848 1009 1903 absentem

661 1931 824 1997 incusamus,
843 1930 894 1998 qui
912 1927 1010 1985 thieria

162 2015 218 2067 Ars.
237 2015 266 2066 te
278 2010 370 2081 ipsium
381 2011 557 2081 quaerebam.
593 2012 644 2068 Gn.
662 2012 713 2067 sed
724 2029 758 2068 ea
768 2027 852 2066 eausa
863 2011 922 2067 nilo
932 2010 1011 2080 magis

719 2092 878 2148 defecimus.

162 2174 217 2228 An.
235 2171 348 2242 loquere
360 2174 481 2242 tbseero,
494 2190 548 2242 quo
560 2190 626 2228 nam
642 2172 671 2227 in
683 2173 743 2228 loeo
757 2173 881 2228 autres
893 2173 924 2228 et
934 2171 1012 2227 fortu-

683 2282 687 2288 .
714 2254 881 2309 naimone:

130 2353 151 2394 lo
163 2335 298 2405 numquid
316 2335 425 2392 subolet
441 2335 537 2406 patrii
582 2336 634 2391 Gn.
651 2335 691 2390 nil
709 2335 802 2390 etiam
845 2333 902 2390 Au.
920 2330 1014 2404 eequld

474 2418 533 2488 spei
551 2419 680 2488 porrostl
718 2416 772 2472 Gn.
789 2414 889 2471 nieme.
925 2416 979 2471 An.
994 2430 1014 2471 a

164 2498 214 2554 Gn
233 2497 285 2553 nisi
298 2497 434 2554 Phaedria
451 2498 506 2553 bau
523 2498 641 2554 cessavit
657 2514 710 2569 pro
732 2499 763 2552 te
786 2495 865 2551 eniti.
903 2496 959 2552 An.
981 2496 1015 2551 nil

717 2578 786 2635 fecit
802 2578 875 2635 novi.
969 2583 1015 2638 475

164 2660 214 2716 Gn.
233 2663 295 2718 tum
320 2660 450 2717 Phormio
467 2661 566 2717 itidem
584 2661 613 2715 in
631 2660 683 2716 hdo
698 2677 730 2715 re
749 2664 783 2714 ut
800 2659 862 2715 aliis
879 2660 1015 2717 strenuom

716 2739 855 2794 hominem
874 2742 1006 2811 praebuit

165 2824 219 2878 Au.
238 2822 306 2893 quid
317 2822 341 2878 is
352 2821 438 2878 feeitl
468 2821 519 2877 Gn.
537 2810 692 2877 confutavit
703 2821 795 2877 verbis
804 2820 958 2878 admodum
968 2823 1016 2879 ire

716 2901 778 2958 tim
796 2917 900 2959 senem.

165 2988 221 3041 An.
238 3001 281 3053 eu,
294 2983 431 3040 Phormio.
466 2983 516 3039 Gn.
529 2998 581 3053 ego
599 2981 673 3054 quod
690 2983 770 3053 potui
786 2998 880 3052 porro.
915 2981 1017 3041 Anni

682 3065 764 3134 Geta,
778 3063 870 3120 omnis
886 3066 936 3122 rte
952 3082 1017 3123 amu

131 3155 157 3201 rr
167 3148 216 3204 Gn.
234 3147 275 3202 sic
291 3146 395 3203 habent
407 3143 542 3217 principia
555 3161 616 3202 sese
626 3147 660 3202 ut
672 3145 752 3201 dieo:
769 3144 861 3201 adhue
872 3148 1018 3219 tranquilla

305 3286 310 3300 ,
718 3242 764 3282 res
781 3230 833 3293 est,

165 3312 365 3382 mtnsumsque
382 3310 512 3382 patruom
534 3312 616 3380 pater
638 3309 689 3376 est,
714 3306 781 3364 dum
803 3308 859 3365 hire
883 3309 1017 3367 adveniat

466 3394 522 3448 An.
539 3393 609 3461 quid
627 3392 710 3448 euml
747 3391 798 3454 Gn
816 3395 851 3448 ut
866 3392 946 3450 nbat
970 3395 1018 3451 480

167 3476 204 3532 de
221 3477 281 3532 elus
299 3476 412 3533 eonsillo
431 3476 491 3532 sese
510 3474 581 3531 velle
603 3474 695 3531 fboere
718 3474 794 3544 quod
814 3473 853 3530 sd
872 3476 946 3534 hune
962 3491 1042 3534 reu:

718 3555 828 3614 attinet
