2310 4050
170 255 218 306 ιιι
386 299 388 306 .
493 252 693 311 annnnnnr
827 215 1020 327 [inor-103.

132 383 156 424 on
170 370 199 425 in
216 354 314 425 daiam
331 369 368 424 ad
359 386 479 464 regem
496 342 647 429 militatum
664 373 742 443 abiit,
761 374 904 431 chremes.

171 452 223 508 Cn.
260 450 328 520 qnid
346 437 405 509 aiat
446 454 502 510 Mn.
526 454 596 511 ciam
619 472 665 512 me
684 457 825 528 profectus
848 456 953 514 mensis
970 455 1019 512 Mn

723 534 811 590 abest

172 610 225 668 (in.
260 611 342 666 ambo
360 612 523 670 eccnsandi:
541 615 590 670 sed
605 615 676 671 illud
692 615 833 687 inceptem
850 618 947 672 tamen

172 692 285 749 animist
302 694 433 764 pudentis
450 697 558 766 signnm
576 699 606 753 et
622 715 677 753 non
694 698 840 768 instrenui.
977 700 1022 751 111
1049 706 1050 711 ’

174 775 231 830 Mn.
265 774 314 830 nbi
331 776 450 845 cemperi
468 793 503 832 ex
521 779 569 848 eis,
586 780 636 850 qui
653 780 731 835 fuere
749 780 776 834 ei
793 777 902 845 conscii.

138 869 161 910 ro
175 855 289 911 domim
306 861 433 912 revertor
449 859 570 914 maestus
587 864 674 930 atque
691 861 781 916 anime
798 861 859 915 iere

175 940 341 1010 pertirbato
358 943 445 1009 atque
462 941 567 997 incerto
584 959 652 1013 prae
668 941 850 1012 aegritddinn.

175 1019 288 1075 adside:
306 1018 458 1077 adcurrunt
476 1022 554 1091 servi,
572 1040 666 1078 soccos
683 1024 849 1080 detrahunt:

176 1100 258 1156 video
276 1102 344 1157 elios
361 1103 501 1172 festinere,
520 1104 607 1160 lectos
625 1105 756 1173 sternere,
981 1107 1025 1161 125

177 1200 274 1238 cenam
292 1183 445 1253 idpararei
462 1186 512 1255 pre
530 1203 561 1241 se
578 1187 696 1256 quisque
715 1186 810 1257 sedulo
930 1204 933 1211 ·

141 1265 321 1333 referiebant,
339 1282 395 1336 qno
412 1265 486 1321 illam
504 1267 573 1322 mihi
590 1269 710 1324 lenirent
727 1268 876 1327 miseriam.

178 1346 226 1401 nbi
242 1347 333 1415 rideo,
350 1346 419 1402 haec
436 1350 513 1420 coepi
531 1350 653 1419 cegitare
671 1350 757 1420 ‘hem,
774 1352 818 1406 tet
835 1367 900 1406 mea

178 1429 262 1484 solius
280 1428 390 1484 solliciti
408 1433 464 1486 sint
481 1447 570 1498 causa,
591 1434 625 1486 nt
641 1448 686 1488 me
704 1449 790 1487 unum
807 1431 962 1502 expleanti

179 1512 294 1568 ancillae
311 1515 355 1566 tot
372 1528 416 1568 me
433 1514 570 1568 vestiant?
587 1515 715 1585 sumptis
732 1513 808 1569 domi
984 1515 1029 1568 13⁰

180 1595 274 1649 tentes
291 1609 343 1662 ego
360 1593 434 1648 solus
451 1594 572 1650 ieoiami
590 1595 641 1651 sed
657 1599 773 1664 gnatum
792 1595 914 1665 inicum,

144 1691 168 1730 so
182 1690 264 1743 quem
281 1673 389 1742 periton
405 1672 447 1728 uti
465 1673 507 1728 his
525 1675 618 1730 decuit
634 1680 683 1732 aut
700 1676 786 1732 etiam
803 1677 934 1746 emplius,
1034 1745 1036 1749 ,

182 1755 257 1824 quod
273 1754 322 1809 illa
338 1755 414 1810 aetas
431 1755 518 1824 magis
536 1755 572 1809 ad
589 1755 656 1812 haec
673 1757 778 1811 utenda
794 1757 933 1826 ideneast,
1033 1774 1036 1778 ’

182 1854 247 1896 eum
266 1854 318 1907 ego
335 1835 399 1891 hinc
416 1837 484 1892 eieci
501 1838 633 1892 miserum
650 1839 786 1895 iniustitie
802 1857 873 1896 mea
1031 1836 1034 1843 ’

183 1919 254 1974 male
264 1916 384 1986 -quidem
401 1934 446 1972 me
464 1918 559 1988 quevis
577 1917 691 1986 dignum
709 1920 849 1990 deputem,
987 1917 1033 1973 135

184 1999 207 2054 si
223 1998 253 2052 id
271 1998 376 2052 ficiam.
413 2014 477 2052 nam
494 2014 582 2065 usque
599 1998 667 2053 dnm
684 2000 731 2055 ifle
748 2001 834 2055 vitam
851 1998 932 2056 illem
948 1997 1018 2055 colet

147 2094 172 2134 st
183 2081 300 2149 inopem,
315 2096 411 2135 carens
429 2080 520 2149 patria
537 2079 574 2135 eb
590 2096 667 2136 meas
683 2081 805 2151 iniirias,

183 2162 291 2216 interea
307 2178 394 2229 usque
411 2161 452 2215 illi
469 2161 504 2216 de
520 2177 566 2215 me
584 2162 771 2257 suppliciim,
765 2162 846 2232 dabo,
951 2178 957 2190 ·

184 2244 319 2312 laberans,
335 2260 478 2312 quaerens,
496 2245 620 2313 parcens,
637 2243 677 2297 illi
694 2228 829 2299 serviens.¹

185 2327 226 2381 ita
241 2326 312 2380 secio
328 2342 453 2394 prorsus:
470 2325 511 2380 nil
527 2325 677 2395 relinquo
668 2342 697 2380 ιιι
715 2325 1036 2392 aedibus,14⁰

186 2424 238 2462 neo
255 2408 303 2461 ves
321 2424 371 2462 nec
387 2408 601 2464 vestimentum:
618 2406 726 2462 conrasi
743 2407 840 2462 emnia.

151 2505 174 2544 oo
187 2489 306 2559 ancilias,
325 2506 427 2559 servos,
446 2489 501 2544 nisi
518 2506 566 2545 eos
583 2489 631 2559 qui
649 2505 733 2559 opere
749 2488 854 2543 ristico

186 2569 315 2624 facitindo
332 2570 411 2624 facile
429 2570 570 2640 sdmptum
589 2569 744 2624 exercitent
761 2585 848 2636 suom,

188 2652 277 2708 omnis
294 2650 413 2721 produxi
430 2666 462 2705 ac
479 2650 598 2705 vendidi.
634 2649 764 2720 inscripsi
781 2649 846 2704 ilico

188 2734 283 2797 aedis:
300 2732 456 2787 mercedem
473 2732 554 2801 quesi
571 2731 678 2787 talenta
695 2729 732 2786 ad
749 2728 910 2800 quindecim
992 2734 1039 2785 145

189 2804 282 2885 coegi:
299 2831 395 2883 agrum
412 2813 485 2868 huno
502 2813 641 2868 mercetur
659 2829 736 2868 sum:
753 2812 799 2867 hic
815 2829 861 2868 me
880 2812 1005 2868 exerceo.
1065 2819 1068 2826 '

154 2909 178 2951 95
190 2895 298 2951 decrevi
315 2893 451 2964 tantisper
467 2909 512 2947 me
528 2893 618 2947 minus
635 2893 758 2963 iniiniae,

191 2978 336 3044 Chremes,
346 2993 407 3031 meo
425 2978 510 3045 gnato
526 2974 627 3043 fecere,
645 2975 712 3029 dum
730 2974 798 3030 iiim
814 2972 916 3030 miser:

190 3078 242 3117 neo
258 3060 302 3114 fes
318 3074 387 3126 esse,
405 3057 461 3111 ulla
478 3055 522 3111 me
539 3055 683 3125 voluptate
700 3054 747 3110 hic
763 3055 828 3123 frui,

190 3142 245 3197 nisi
261 3139 310 3196 ubi
326 3139 374 3194 ille
391 3136 445 3193 hnc
462 3136 550 3191 salvos
567 3136 681 3192 redierit
697 3154 775 3192 meus
792 3135 942 3207 particeps
995 3136 1043 3191 150

193 3225 246 3279 011.
281 3221 391 3291 ingenio
407 3222 438 3275 to
455 3236 516 3275 esse
533 3218 563 3274 in
579 3219 682 3274 liberos
700 3218 757 3274 leni
773 3222 852 3288 puto,

148 3317 181 3356 ιοο
192 3307 223 3360 et
239 3303 318 3358 illum
336 3303 542 3371 ebsequentem,
560 3300 647 3368 siquis
664 3304 740 3355 recte
758 3303 808 3355 aut
825 3299 971 3356 cemmode

193 3385 337 3451 tracteret,
370 3400 466 3439 verum
483 3383 572 3452 neque
588 3381 667 3436 illum
684 3384 718 3436 tn
735 3381 804 3437 satis
821 3383 949 3446 nevernis,

194 3486 246 3524 nec
262 3470 292 3523 te
309 3467 371 3533 ssle;
389 3466 441 3521 hoc
459 3482 544 3536 quom
561 3466 602 3534 111,
619 3464 659 3518 nbi
676 3481 731 3519 non
748 3480 814 3520 vere
830 3465 944 3521 vivitur.
989 3492 992 3499 ·

195 3554 229 3606 tn
245 3549 492 3619 illimnumquam
509 3547 657 3604 ostendisti
674 3547 772 3618 quanti
788 3547 935 3618 penderes,
998 3548 1046 3602 155
