2310 4050
463 232 492 284 P.
510 231 664 283 TEREN'H

419 657 702 725 PROLOGVS.

465 916 645 923 ———-..--

137 1133 289 1203 Postquem
306 1137 389 1202 poeta
405 1133 491 1188 sensit
508 1133 672 1202 scriptorem
690 1150 769 1188 suam

134 1214 170 1268 ub
187 1215 289 1285 iniquis
306 1214 449 1269 obscrviri
466 1217 496 1268 ct
514 1213 686 1268 adverserios

135 1312 233 1364 rupere
251 1294 280 1348 iu
298 1295 419 1363 peiorem
438 1295 549 1364 pertom
567 1310 650 1362 quam
668 1292 760 1348 acturi
776 1310 885 1348 sumus:

135 1376 238 1429 indicio
256 1376 292 1430 do
310 1392 339 1429 se
357 1376 416 1444 ipse
435 1375 496 1442 erit,
514 1392 562 1428 vos
581 1375 658 1428 eritis
676 1374 790 1444 ihdices‚

136 1456 232 1510 laudin
250 1474 285 1509 an
303 1455 371 1510 vitio
388 1455 453 1509 cirici
470 1455 500 1509 id
518 1454 623 1510 factum
641 1457 776 1525 operteat
955 1458 968 1505 1

137 1537 426 1607 Synapothnescontes
444 1536 551 1606 Diphili
569 1537 754 1591 comoediast:

136 1636 199 1673 cam
218 1619 430 1674 commorientis
447 1618 564 1672 Plaetus
581 1618 649 1672 fecit
664 1617 796 1672 fibulam.

136 1701 165 1754 in
183 1702 289 1756 Graece
306 1701 467 1755 adulescens
485 1701 535 1768 est,
555 1699 603 1770 qui
620 1699 712 1754 lenoni
729 1698 813 1768 eripit

136 1782 312 1837 meretricem
329 1783 357 1836 in
376 1782 466 1852 prima
482 1781 594 1836 fehula:
619 1798 682 1836 eum
702 1780 820 1836 Plautius
837 1781 921 1837 locum

137 1863 252 1934 reliquit
269 1865 416 1933 integrum.
452 1861 579 1918 hiesum
598 1862 718 1932 sumpsit
735 1861 790 1916 sibi
946 1864 972 1913 1⁰

137 1946 166 1998 iu
184 1943 331 2014 Adelphos,
349 1943 463 1998 verbum
482 1944 516 1998 de
534 1942 618 1997 verbo
636 1958 798 2012 expressum
816 1941 919 1999 extulit.

138 2044 199 2081 eam
216 2028 265 2081 nes
282 2026 370 2081 acturi
388 2025 481 2080 sumus
497 2042 611 2079 novem:
636 2023 792 2093 pernescite

137 2108 278 2163 furthmno
295 2109 398 2162 factum
416 2106 590 2161 existumetis
608 2106 644 2160 en
661 2105 752 2160 locum

137 2190 307 2258 reprensum,
325 2189 374 2258 qui
391 2188 558 2257 praeteritus
575 2187 783 2255 neclegentiast.

137 2287 201 2324 nam
220 2270 294 2338 qued
311 2269 358 2324 isti
377 2269 473 2324 dicunt
489 2268 618 2336 meivoli,
635 2267 761 2323 homines
777 2266 877 2323 uebilis
948 2268 973 2319 1⁵

138 2351 211 2405 hunc
228 2350 356 2404 ediutere
375 2349 546 2419 adsidueque
561 2366 617 2403 una
633 2348 773 2403 scribere:
958 2352 962 2361 '

138 2431 214 2501 quod
231 2431 272 2484 illi
290 2431 467 2485 maledictum
485 2431 597 2485 vemens
614 2446 676 2484 esse
691 2418 871 2498 oflstumnut,

137 2528 199 2566 eam
217 2510 327 2564 laidem
345 2511 390 2565 hic
407 2511 486 2565 ducit
502 2511 667 2579 minumum,
685 2526 770 2579 quom
786 2509 842 2564 illis
858 2508 948 2581 phoci,
1002 2508 1005 2513 '

138 2591 186 2662 qui
202 2591 281 2646 vebis
298 2591 432 2645 univorsis
450 2594 480 2645 11
496 2590 598 2660 popule
615 2552 734 2660 plahent,

139 2690 256 2744 quorum
274 2675 357 2742 opera
374 2675 402 2727 in
420 2673 501 2742 bello,
518 2674 547 2727 in
564 2673 629 2741 etio,
646 2673 676 2726 in
693 2673 805 2742 negetio
947 2676 974 2727 n

139 2772 189 2809 suo
207 2755 323 2824 quisque
341 2759 466 2824 tempore
485 2756 564 2809 usust
583 2754 643 2809 sine
659 2753 797 2823 superbis

139 2836 240 2890 dehinc
256 2852 292 2890 no
310 2836 462 2904 expectetis
480 2835 673 2928 ergumeutum
690 2833 819 2889 fibulae:

140 2917 217 2972 senes
235 2916 283 2986 qui
300 2915 384 2985 primi
401 2915 519 2983 venient,
499 2915 563 2969 111
581 2918 690 2985 partem
708 2914 845 2985 eperient,

140 3000 168 3053 in
186 2999 293 3068 agendo
310 3001 421 3069 partem
438 2996 593 3051 ostendent
621 2996 706 3052 facite
698 2995 975 3112 aequtpimitasa-
951 2972 971 3021 .÷

138 3082 238 3197 poetae
255 3131 291 3186 ad
309 3130 484 3186 scribendum
502 3129 602 3198 augeat
618 3129 790 3189 indestriam
948 3134 977 3185 rt
