2310 4050
162 259 228 320 113,
241 261 361 326 sl-slq
393 261 535 315 HAVTON
552 263 812 318 TIMORVMENOS.
976 267 1023 316 131

163 391 296 445 maguum
320 377 372 432 hic
395 394 505 448 quoque
527 381 671 451 signumsl,
695 380 832 436 diminam
858 396 920 436 esse
943 383 1024 437 extra

165 554 251 608 quom
269 540 330 596 eiius
348 543 408 596 tam
424 543 608 613 neglegiinlur
625 465 840 599 intemddidam’

164 637 231 675 nam
250 620 423 692 disciplinast
440 624 489 692 eis,
509 624 716 680 demuneririer
972 630 1023 681 300

127 713 152 752 ⁶⁰
165 703 281 759 ancillas
299 705 425 774 primum,
444 708 481 762 ad
502 707 625 762 ddminas
645 707 692 776 qui
713 706 855 762 adfectant
873 706 954 762 viam.

166 785 248 840 (lum.
272 803 365 855 perge,
378 788 490 843 dbsecro
502 792 540 859 te,
552 793 581 844 et
593 790 659 843 cive
670 806 706 843 ne
718 790 814 844 falsam
826 789 945 858 gratiam

166 866 283 922 studeas
304 868 382 924 inire.
407 870 477 940 quid
496 875 544 939 sil,
562 871 611 924 ubi
628 887 673 925 me
690 872 832 926 niminasl

167 949 216 1004 Su.
238 949 288 1004 ubi
309 949 427 1005 dicimus
446 951 553 1006 redisse
570 955 600 1007 te
620 955 651 1006 et
671 953 769 1020 rogare
788 951 831 1006 uti

166 1031 278 1085 veniret
298 1030 335 1085 ad
355 1034 392 1098 te,
411 1032 511 1087 milior
530 1033 616 1087 telam
634 1030 735 1087 desinit
974 1037 1025 1088 305

128 1123 154 1163 ss
167 1113 301 1168 continuo
318 1116 348 1167 et
366 1113 495 1168 lacrumis
515 1115 611 1184 ipplet
631 1132 662 1170 os
680 1114 772 1170 totum
790 1113 852 1185 sibi,

167 1197 202 1248 ut
219 1193 302 1248 facile
320 1193 404 1247 scires
422 1194 559 1250 desiderio
576 1196 607 1250 id
625 1196 698 1251 fieri.

169 1277 252 1331 (lum.
276 1292 343 1345 prae
362 1275 471 1346 gaudio,
490 1278 532 1334 ita
547 1295 592 1333 me
612 1278 642 1332 di
661 1282 762 1348 ament,
780 1277 828 1332 ubi
849 1277 900 1332 sim
920 1275 1026 1332 nescio:

168 1356 211 1411 iia
227 1355 316 1412 timui
354 1357 431 1413 Cum.
454 1362 554 1428 alege
573 1359 613 1413 nil
634 1361 692 1414 isse
710 1361 821 1429 scibam,
840 1358 951 1414 Clinia.

169 1455 224 1508 age
241 1438 308 1492 dim
325 1438 454 1507 vicissim,
472 1441 549 1514 syre,
568 1440 612 1496 dic
633 1458 704 1511 quae
723 1441 797 1497 illast
817 1440 924 1496 iltcral
975 1444 1027 1495 310

122 1529 156 1571 ’το
170 1521 223 1577 δι’
243 1520 407 1575 addicimus
426 1525 503 1576 tuam
522 1522 698 1578 Bicchidem.
740 1523 817 1578 Ome.
841 1521 912 1589 hem,
937 1520 1028 1591 quidl

726 1604 912 1660 Bacchidem?

170 1684 225 1741 eho
249 1684 374 1754 sceleste,
399 1687 452 1754 qui>
475 1685 551 1741 illam
578 1687 676 1744 ducisl
717 1687 762 1743 Su.
787 1688 841 1757 qui
862 1703 914 1755 ego
934 1685 1028 1741 illaml

728 1769 766 1823 ad
782 1785 833 1822 nos
851 1767 964 1822 scilicet.

173 1847 252 1904 (lma.
277 1847 314 1902 ad
331 1849 496 1917 patremnel
532 1849 576 1905 Su.
597 1849 634 1904 ad
646 1850 819 1919 cumipsum.
855 1849 932 1902 (lum.
954 1845 1030 1902 oho-

355 1931 436 1985 minis
455 1931 635 2001 inpudentem
656 1933 806 1987 audaciam.
847 1931 891 1985 Su.
903 1931 972 1985 heus
989 1935 1029 1999 iu,

171 2013 228 2068 ndn
242 2011 277 2067 iil
294 2012 354 2067 sine
370 2013 475 2083 periclo
493 2014 598 2069 facinus
616 2015 745 2083 magnum
764 2031 815 2069 nec
831 2012 1018 2068 memorabile.

174 2095 255 2152 (lau.
280 2094 330 2151 hic
347 2096 428 2151 vide:
451 2097 481 2152 in
499 2113 562 2152 mea
579 2098 637 2153 vita
655 2102 687 2153 tu
705 2097 758 2152 tibi
775 2095 885 2151 laidem
904 2096 927 2150 is
946 2112 1029 2166 quae-

731 2181 822 2248 silim,
841 2179 946 2235 scelusl
978 2185 1030 2235 315

138 2282 161 2322 τι
174 2262 223 2317 ubi
240 2261 264 2317 si
283 2262 427 2331 paululum
444 2262 526 2316 modo
544 2262 612 2330 quid
629 2265 658 2317 ie
675 2263 788 2331 ldgerii,
808 2278 860 2330 ego
877 2261 1012 2330 perierim

174 2348 245 2420 quid
268 2347 317 2402 illc
333 2348 437 2404 faciasl
474 2349 519 2405 Su.
542 2350 573 2402 al
590 2349 690 2404 enim..
731 2350 809 2404 Ome.
827 2348 895 2418 quid
913 2346 1031 2403 ‘enim'l

517 2430 562 2486 Su.
586 2430 610 2484 si
628 2431 708 2500 sinas,
726 2431 823 2485 dicam.
865 2429 944 2483 Cum.
964 2429 1032 2483 sine.

176 2515 253 2571 (lm.
272 2510 340 2567 sine.
377 2511 421 2568 SY.
443 2511 484 2566 ila
503 2529 549 2566 res
567 2515 612 2566 est
632 2511 698 2566 haec
721 2529 800 2580 nunc,
819 2512 898 2579 quasi
918 2527 1029 2579 quom..

515 2599 590 2653 (lum.
611 2600 679 2667 quis
697 2598 799 2652 malum
816 2598 945 2666 ambagis
962 2594 1032 2650 mihi

175 2683 290 2738 nauare
307 2679 427 2752 occipiti
462 2681 544 2735 Cum.
563 2679 638 2751 Syre,
656 2696 751 2735 verum
770 2679 815 2734 hic
832 2679 919 2733 dicit:
943 2677 1032 2746 mitte,

730 2759 765 2814 ad
784 2761 841 2814 rem
859 2758 928 2813 redi.

177 2843 223 2898 ὃν.
243 2842 318 2898 inim
335 2858 402 2897 veru
418 2841 535 2896 reticere
552 2857 676 2911 nequeo:
699 2840 871 2894 multimodis
889 2838 1020 2908 iniiniu's,

142 2944 165 2982 sc
178 2924 310 2994 Clitipho,
328 2938 419 2992 neque
436 2922 501 2978 ferri
518 2923 595 2992 potis
612 2939 648 2977 es.
687 2922 766 2976 Cum.
785 2919 955 2975 addiundum
973 2918 1035 2974 her-

734 3000 808 3068 clest,
826 3003 894 3054 tace.
983 3005 1032 3055 321

178 3086 226 3142 Su.
250 3084 293 3141 vis
311 3100 414 3152 amare,
432 3085 475 3140 vis
493 3082 585 3154 poliri,
603 3082 646 3138 vis
663 3082 739 3151 quod
757 3081 863 3137 desilii
881 3080 966 3136 effici:

177 3167 255 3223 timm
277 3182 339 3222 esse
360 3166 389 3220 in
411 3166 545 3237 potiundi
566 3165 700 3234 periclum
721 3165 774 3218 nin
792 3163 849 3220 vis:
877 3164 932 3217 hau
950 3162 1036 3218 stulte

733 3261 824 3315 sap1s:

178 3328 319 3402 siquidem
341 3328 373 3383 id
400 3333 532 3400 sapcrcsi,
558 3328 628 3385 ville
652 3333 682 3385 te
710 3328 740 3382 id
764 3327 840 3397 quod
866 3328 919 3382 ndn
942 3329 1038 3396 potest

731 3411 898 3480 contingere.

179 3495 227 3552 alt
245 3493 316 3550 haec
333 3508 396 3548 cum
413 3492 466 3548 illis
484 3491 549 3549 siml
566 3492 701 3563 habenda,
715 3494 763 3547 aui
781 3493 829 3546 illa
841 3509 902 3546 cum
920 3491 963 3545 his
974 3485 1038 3546 mii-

266 3607 270 3613 ·
736 3573 820 3630 tinda
838 3578 908 3630 suni.
985 3579 1036 3629 325

909 3669 972 3720 9-2
