<?xml version="1.0" encoding="UTF-8"?>
<!DOCTYPE html PUBLIC "-//W3C//DTD XHTML 1.0 Transitional//EN"
    "http://www.w3.org/TR/xhtml1/DTD/xhtml1-transitional.dtd">
<html xmlns="http://www.w3.org/1999/xhtml" xml:lang="en" lang="en">
 <head>
  <title>
</title>
<meta http-equiv="Content-Type" content="text/html;charset=utf-8" />
  <meta name='ocr-system' content='tesseract 3.04.00' />
  <meta name='ocr-capabilities' content='ocr_page ocr_carea ocr_par ocr_line ocrx_word'/>
</head>
<body>
  <div class='ocr_page' id='page_1' title='image "./pterenticomoedi03teregoog/pterenticomoedi03teregoog_0197.png"; bbox 0 0 2310 4050; ppageno 0'>
   <div class='ocr_carea' id='block_1_1' title="bbox 167 240 1004 322">
    <p class='ocr_par' dir='ltr' id='par_1_1' title="bbox 167 240 1004 322">
     <span class='ocr_line' id='line_1_1' title="bbox 167 240 1004 322; baseline 0.008 -17"><span class='ocrx_word' id='word_1_1' title='bbox 167 253 217 309; x_wconf 79' lang='lat' dir='ltr'>us</span> <span class='ocrx_word' id='word_1_2' title='bbox 497 257 527 309; x_wconf 72' lang='grc' dir='ltr'>Ρ.</span> <span class='ocrx_word' id='word_1_3' title='bbox 544 243 699 308; x_wconf 74' lang='lat' dir='ltr'>nonnum</span> <span class='ocrx_word' id='word_1_4' title='bbox 827 240 1004 322; x_wconf 64' lang='lat' dir='ltr'>‘snum-u</span> 
     </span>
    </p>
   </div>
   <div class='ocr_carea' id='block_1_2' title="bbox 78 364 1034 3459">
    <p class='ocr_par' dir='ltr' id='par_1_2' title="bbox 78 364 1034 3459">
     <span class='ocr_line' id='line_1_2' title="bbox 167 364 893 430; baseline 0.01 -7"><span class='ocrx_word' id='word_1_5' title='bbox 167 368 208 424; x_wconf 79' lang='lat' dir='ltr'>itu</span> <span class='ocrx_word' id='word_1_6' title='bbox 223 372 257 425; x_wconf 89' lang='lat' dir='ltr'>ut</span> <span class='ocrx_word' id='word_1_7' title='bbox 272 364 320 427; x_wconf 87' lang='lat' dir='ltr'>ssle</span> <span class='ocrx_word' id='word_1_8' title='bbox 337 371 423 430; x_wconf 81' lang='lat' dir='ltr'>feoitt</span> <span class='ocrx_word' id='word_1_9' title='bbox 458 372 511 428; x_wconf 72' lang='grc' dir='ltr'>ΡΗ.</span> <span class='ocrx_word' id='word_1_10' title='bbox 530 373 642 428; x_wconf 80' lang='lat' dir='ltr'>functus</span> <span class='ocrx_word' id='word_1_11' title='bbox 659 372 893 430; x_wconf 83' lang='lat' dir='ltr'>souleseontulist</span> 
     </span>
     <span class='ocr_line' id='line_1_3' title="bbox 166 450 884 525; baseline 0.008 -21"><span class='ocrx_word' id='word_1_12' title='bbox 166 450 290 506; x_wconf 79' lang='lat' dir='ltr'>officium</span> <span class='ocrx_word' id='word_1_13' title='bbox 307 452 445 509; x_wconf 84' lang='lat' dir='ltr'>liberolis:</span> <span class='ocrx_word' id='word_1_14' title='bbox 467 457 615 525; x_wconf 81' lang='lat' dir='ltr'><strong>postquam</strong></span> <span class='ocrx_word' id='word_1_15' title='bbox 632 455 669 510; x_wconf 80' lang='lat' dir='ltr'>ed</span> <span class='ocrx_word' id='word_1_16' title='bbox 686 454 793 510; x_wconf 81' lang='lat' dir='ltr'>iudices</span> <span class='ocrx_word' id='word_1_17' title='bbox 882 520 884 524; x_wconf 86' lang='lat'>.</span> 
     </span>
     <span class='ocr_line' id='line_1_4' title="bbox 166 532 794 607; baseline 0.008 -21"><span class='ocrx_word' id='word_1_18' title='bbox 166 532 314 602; x_wconf 79' lang='lat' dir='ltr'>ventumst,</span> <span class='ocrx_word' id='word_1_19' title='bbox 332 550 387 589; x_wconf 90' lang='lat' dir='ltr'>non</span> <span class='ocrx_word' id='word_1_20' title='bbox 404 535 496 605; x_wconf 87' lang='lat' dir='ltr'>potuit</span> <span class='ocrx_word' id='word_1_21' title='bbox 512 536 634 605; x_wconf 81' lang='lat' dir='ltr'>cogitatu</span> <span class='ocrx_word' id='word_1_22' title='bbox 650 535 794 607; x_wconf 81' lang='lat' dir='ltr'>proloqui:</span> 
     </span>
     <span class='ocr_line' id='line_1_5' title="bbox 166 612 908 695; baseline 0.012 -29"><span class='ocrx_word' id='word_1_23' title='bbox 166 612 207 668; x_wconf 82' lang='lat' dir='ltr'>itu</span> <span class='ocrx_word' id='word_1_24' title='bbox 224 615 287 671; x_wconf 83' lang='lat' dir='ltr'>eom</span> <span class='ocrx_word' id='word_1_25' title='bbox 306 621 366 673; x_wconf 91' lang='lat' dir='ltr'>tum</span> <span class='ocrx_word' id='word_1_26' title='bbox 383 617 512 673; x_wconf 90' lang='lat' dir='ltr'>timidum</span> <span class='ocrx_word' id='word_1_27' title='bbox 529 618 791 695; x_wconf 26' lang='lat' dir='ltr'>illio-obstupefecit</span> <span class='ocrx_word' id='word_1_28' title='bbox 808 619 908 689; x_wconf 87' lang='lat' dir='ltr'>pudor.</span> 
     </span>
     <span class='ocr_line' id='line_1_6' title="bbox 133 697 1008 774; baseline 0.007 -23"><span class='ocrx_word' id='word_1_29' title='bbox 133 704 156 746; x_wconf 67' lang='lat'>⁵⁵</span> <span class='ocrx_word' id='word_1_30' title='bbox 167 697 218 752; x_wconf 80' lang='lat' dir='ltr'>Gru</span> <span class='ocrx_word' id='word_1_31' title='bbox 235 697 318 754; x_wconf 82' lang='lat' dir='ltr'>leudo</span> <span class='ocrx_word' id='word_1_32' title='bbox 337 699 429 755; x_wconf 85' lang='lat' dir='ltr'>hono:</span> <span class='ocrx_word' id='word_1_33' title='bbox 461 700 512 756; x_wconf 86' lang='lat' dir='ltr'>sed</span> <span class='ocrx_word' id='word_1_34' title='bbox 534 716 611 755; x_wconf 83' lang='lat' dir='ltr'>cesso</span> <span class='ocrx_word' id='word_1_35' title='bbox 635 700 714 756; x_wconf 84' lang='lat' dir='ltr'>edire</span> <span class='ocrx_word' id='word_1_36' title='bbox 733 702 820 770; x_wconf 82' lang='lat' dir='ltr'>quum</span> <span class='ocrx_word' id='word_1_37' title='bbox 840 703 959 774; x_wconf 80' lang='lat' dir='ltr'>primum</span> <span class='ocrx_word' id='word_1_38' title='bbox 976 718 1008 757; x_wconf 80' lang='lat' dir='ltr'>ss</span> 
     </span>
     <span class='ocr_line' id='line_1_7' title="bbox 717 785 1008 842; baseline 0.017 -5"><span class='ocrx_word' id='word_1_39' title='bbox 717 785 803 841; x_wconf 79' lang='lat' dir='ltr'>nemt</span> <span class='ocrx_word' id='word_1_40' title='bbox 968 789 1008 842; x_wconf 77' lang='grc'>280</span> 
     </span>
     <span class='ocr_line' id='line_1_8' title="bbox 166 857 952 941; baseline 0.005 -25"><span class='ocrx_word' id='word_1_41' title='bbox 166 878 221 930; x_wconf 87' lang='lat' dir='ltr'>ere,</span> <span class='ocrx_word' id='word_1_42' title='bbox 239 861 331 917; x_wconf 84' lang='lat' dir='ltr'>solve:</span> <span class='ocrx_word' id='word_1_43' title='bbox 355 862 457 941; x_wconf 75' lang='lat' dir='ltr'>solvom</span> <span class='ocrx_word' id='word_1_44' title='bbox 474 865 505 918; x_wconf 89' lang='lat' dir='ltr'>te</span> <span class='ocrx_word' id='word_1_45' title='bbox 523 862 668 919; x_wconf 81' lang='lat' dir='ltr'>odveuisse</span> <span class='ocrx_word' id='word_1_46' title='bbox 685 864 804 934; x_wconf 78' lang='lat' dir='ltr'>gaudeo.</span> <span class='ocrx_word' id='word_1_47' title='bbox 838 857 894 924; x_wconf 70' lang='lat' dir='ltr'>Du</span> <span class='ocrx_word' id='word_1_48' title='bbox 910 865 952 936; x_wconf 73' lang='lat' dir='ltr'>oh,</span> 
     </span>
     <span class='ocr_line' id='line_1_9' title="bbox 166 943 833 1015; baseline 0.007 -19"><span class='ocrx_word' id='word_1_49' title='bbox 166 943 239 997; x_wconf 90' lang='lat' dir='ltr'>bone</span> <span class='ocrx_word' id='word_1_50' title='bbox 256 944 357 1012; x_wconf 81' lang='lat' dir='ltr'>costos,</span> <span class='ocrx_word' id='word_1_51' title='bbox 375 945 456 1013; x_wconf 81' lang='lat' dir='ltr'>solve,</span> <span class='ocrx_word' id='word_1_52' title='bbox 475 946 601 1001; x_wconf 89' lang='lat' dir='ltr'>columen</span> <span class='ocrx_word' id='word_1_53' title='bbox 618 961 684 1000; x_wconf 85' lang='lat' dir='ltr'>vero</span> <span class='ocrx_word' id='word_1_54' title='bbox 700 945 833 1015; x_wconf 82' lang='lat' dir='ltr'>fomiliae,</span> 
     </span>
     <span class='ocr_line' id='line_1_10' title="bbox 166 1025 971 1094; baseline 0.007 -16"><span class='ocrx_word' id='word_1_55' title='bbox 166 1025 233 1094; x_wconf 91' lang='lat' dir='ltr'>quoi</span> <span class='ocrx_word' id='word_1_56' title='bbox 250 1025 438 1083; x_wconf 81' lang='lat' dir='ltr'>commendari</span> <span class='ocrx_word' id='word_1_57' title='bbox 455 1028 550 1082; x_wconf 84' lang='lat' dir='ltr'>fitium</span> <span class='ocrx_word' id='word_1_58' title='bbox 568 1027 632 1082; x_wconf 84' lang='lat' dir='ltr'>hino</span> <span class='ocrx_word' id='word_1_59' title='bbox 650 1026 743 1082; x_wconf 85' lang='lat' dir='ltr'>ebions</span> <span class='ocrx_word' id='word_1_60' title='bbox 760 1042 867 1084; x_wconf 89' lang='lat' dir='ltr'>meum.</span> <span class='ocrx_word' id='word_1_61' title='bbox 968 1050 971 1057; x_wconf 92' lang='lat'>·</span> 
     </span>
     <span class='ocr_line' id='line_1_11' title="bbox 167 1107 887 1166; baseline 0.006 -5"><span class='ocrx_word' id='word_1_62' title='bbox 167 1107 218 1162; x_wconf 85' lang='lat' dir='ltr'>Gn.</span> <span class='ocrx_word' id='word_1_63' title='bbox 237 1108 292 1162; x_wconf 84' lang='lat' dir='ltr'>ium</span> <span class='ocrx_word' id='word_1_64' title='bbox 309 1109 416 1164; x_wconf 83' lang='lat' dir='ltr'>dodum</span> <span class='ocrx_word' id='word_1_65' title='bbox 434 1114 463 1166; x_wconf 89' lang='lat' dir='ltr'>te</span> <span class='ocrx_word' id='word_1_66' title='bbox 480 1110 568 1164; x_wconf 89' lang='lat' dir='ltr'>omnis</span> <span class='ocrx_word' id='word_1_67' title='bbox 585 1110 636 1164; x_wconf 89' lang='lat' dir='ltr'>nos</span> <span class='ocrx_word' id='word_1_68' title='bbox 654 1125 782 1164; x_wconf 81' lang='lat' dir='ltr'>aocusare</span> <span class='ocrx_word' id='word_1_69' title='bbox 800 1109 887 1165; x_wconf 83' lang='lat' dir='ltr'>eodio</span> 
     </span>
     <span class='ocr_line' id='line_1_12' title="bbox 133 1187 1029 1258; baseline 0.008 -21"><span class='ocrx_word' id='word_1_70' title='bbox 133 1198 156 1237; x_wconf 78' lang='lat' dir='ltr'>oo</span> <span class='ocrx_word' id='word_1_71' title='bbox 167 1187 302 1258; x_wconf 87' lang='lat' dir='ltr'>inmorito‚</span> <span class='ocrx_word' id='word_1_72' title='bbox 321 1194 350 1245; x_wconf 91' lang='lat' dir='ltr'>et</span> <span class='ocrx_word' id='word_1_73' title='bbox 368 1207 413 1245; x_wconf 90' lang='lat' dir='ltr'>me</span> <span class='ocrx_word' id='word_1_74' title='bbox 430 1191 534 1246; x_wconf 87' lang='lat' dir='ltr'>horunc</span> <span class='ocrx_word' id='word_1_75' title='bbox 546 1191 673 1245; x_wconf 53' lang='lat' dir='ltr'>&#39;omnium</span> <span class='ocrx_word' id='word_1_76' title='bbox 690 1190 926 1246; x_wconf 83' lang='lat' dir='ltr'>inmeritissumo:</span> <span class='ocrx_word' id='word_1_77' title='bbox 965 1195 1007 1246; x_wconf 79' lang='grc'>000</span> <span class='ocrx_word' id='word_1_78' title='bbox 1026 1204 1029 1211; x_wconf 83' lang='grc'><strong>’</strong></span> 
     </span>
     <span class='ocr_line' id='line_1_13' title="bbox 167 1272 876 1340; baseline 0.008 -16"><span class='ocrx_word' id='word_1_79' title='bbox 167 1287 231 1325; x_wconf 82' lang='lat' dir='ltr'>nem</span> <span class='ocrx_word' id='word_1_80' title='bbox 249 1272 317 1340; x_wconf 84' lang='lat' dir='ltr'>quid</span> <span class='ocrx_word' id='word_1_81' title='bbox 335 1289 380 1326; x_wconf 92' lang='lat' dir='ltr'>me</span> <span class='ocrx_word' id='word_1_82' title='bbox 397 1273 426 1327; x_wconf 89' lang='lat' dir='ltr'>in</span> <span class='ocrx_word' id='word_1_83' title='bbox 443 1272 494 1328; x_wconf 81' lang='lat' dir='ltr'>heo</span> <span class='ocrx_word' id='word_1_84' title='bbox 510 1291 541 1328; x_wconf 87' lang='lat' dir='ltr'>re</span> <span class='ocrx_word' id='word_1_85' title='bbox 558 1275 652 1328; x_wconf 80' lang='lat' dir='ltr'>fouere</span> <span class='ocrx_word' id='word_1_86' title='bbox 669 1273 780 1329; x_wconf 81' lang='lat' dir='ltr'>voluisti</span> <span class='ocrx_word' id='word_1_87' title='bbox 799 1273 876 1330; x_wconf 80' lang='lat' dir='ltr'>tibit-</span> 
     </span>
     <span class='ocr_line' id='line_1_14' title="bbox 166 1353 970 1424; baseline 0.002 -18"><span class='ocrx_word' id='word_1_88' title='bbox 166 1367 273 1407; x_wconf 83' lang='lat' dir='ltr'>servom</span> <span class='ocrx_word' id='word_1_89' title='bbox 290 1353 429 1408; x_wconf 88' lang='lat' dir='ltr'>hominem</span> <span class='ocrx_word' id='word_1_90' title='bbox 447 1372 556 1410; x_wconf 79' lang='lat' dir='ltr'>eausam</span> <span class='ocrx_word' id='word_1_91' title='bbox 575 1355 654 1410; x_wconf 83' lang='lat' dir='ltr'>orore</span> <span class='ocrx_word' id='word_1_92' title='bbox 671 1354 748 1424; x_wconf 86' lang='lat' dir='ltr'>leges</span> <span class='ocrx_word' id='word_1_93' title='bbox 764 1355 820 1410; x_wconf 92' lang='lat' dir='ltr'>non</span> <span class='ocrx_word' id='word_1_94' title='bbox 838 1355 941 1424; x_wconf 87' lang='lat' dir='ltr'>sinunt,</span> <span class='ocrx_word' id='word_1_95' title='bbox 966 1378 970 1386; x_wconf 90' lang='lat'><strong>·</strong></span> 
     </span>
     <span class='ocr_line' id='line_1_15' title="bbox 166 1435 1007 1503; baseline 0.005 -16"><span class='ocrx_word' id='word_1_96' title='bbox 166 1450 256 1503; x_wconf 88' lang='lat' dir='ltr'>neque</span> <span class='ocrx_word' id='word_1_97' title='bbox 273 1435 413 1489; x_wconf 87' lang='lat' dir='ltr'>tostimoni</span> <span class='ocrx_word' id='word_1_98' title='bbox 431 1435 516 1490; x_wconf 84' lang='lat' dir='ltr'>dictio</span> <span class='ocrx_word' id='word_1_99' title='bbox 533 1443 583 1491; x_wconf 86' lang='lat' dir='ltr'>est.</span> <span class='ocrx_word' id='word_1_100' title='bbox 617 1437 668 1491; x_wconf 85' lang='lat' dir='ltr'>Du.</span> <span class='ocrx_word' id='word_1_101' title='bbox 687 1436 771 1490; x_wconf 85' lang='lat' dir='ltr'>mitto</span> <span class='ocrx_word' id='word_1_102' title='bbox 789 1435 891 1491; x_wconf 72' lang='lat' dir='ltr'>omniu</span> <span class='ocrx_word' id='word_1_103' title='bbox 1003 1495 1007 1501; x_wconf 67' lang='grc'>,</span> 
     </span>
     <span class='ocr_line' id='line_1_16' title="bbox 78 1502 879 1585; baseline 0.002 -17"><span class='ocrx_word' id='word_1_104' title='bbox 78 1502 84 1519; x_wconf 82' lang='lat'>&#39;</span> <span class='ocrx_word' id='word_1_105' title='bbox 166 1514 203 1568; x_wconf 88' lang='lat' dir='ltr'>do</span> <span class='ocrx_word' id='word_1_106' title='bbox 220 1515 295 1570; x_wconf 83' lang='lat' dir='ltr'>istoc</span> <span class='ocrx_word' id='word_1_107' title='bbox 312 1515 476 1585; x_wconf 87' lang='lat' dir='ltr'>‘inprudens</span> <span class='ocrx_word' id='word_1_108' title='bbox 493 1516 587 1573; x_wconf 82' lang='lat' dir='ltr'><strong>timuit</strong></span> <span class='ocrx_word' id='word_1_109' title='bbox 604 1516 790 1572; x_wconf 81' lang='lat' dir='ltr'>adulescons’:</span> <span class='ocrx_word' id='word_1_110' title='bbox 814 1515 879 1570; x_wconf 92' lang='lat' dir='ltr'>sino</span> 
     </span>
     <span class='ocr_line' id='line_1_17' title="bbox 133 1596 1008 1668; baseline 0.003 -21"><span class='ocrx_word' id='word_1_111' title='bbox 133 1607 156 1647; x_wconf 79' lang='lat' dir='ltr'>oo</span> <span class='ocrx_word' id='word_1_112' title='bbox 168 1596 214 1651; x_wconf 88' lang='lat' dir='ltr'>‘tu</span> <span class='ocrx_word' id='word_1_113' title='bbox 232 1598 358 1652; x_wconf 84' lang='lat' dir='ltr'>sorvo’s’:</span> <span class='ocrx_word' id='word_1_114' title='bbox 382 1615 477 1652; x_wconf 87' lang='lat' dir='ltr'>verum</span> <span class='ocrx_word' id='word_1_115' title='bbox 495 1599 519 1653; x_wconf 81' lang='lat' dir='ltr'>si</span> <span class='ocrx_word' id='word_1_116' title='bbox 536 1601 680 1668; x_wconf 80' lang='lat' dir='ltr'>cognatust</span> <span class='ocrx_word' id='word_1_117' title='bbox 697 1600 836 1666; x_wconf 75' lang='lat' dir='ltr'>mommo,</span> <span class='ocrx_word' id='word_1_118' title='bbox 895 1637 897 1642; x_wconf 82' lang='lat'><em>-</em></span> <span class='ocrx_word' id='word_1_119' title='bbox 967 1600 1008 1652; x_wconf 82' lang='grc'>000</span> 
     </span>
     <span class='ocr_line' id='line_1_18' title="bbox 165 1679 1030 1753; baseline 0.003 -21"><span class='ocrx_word' id='word_1_120' title='bbox 165 1695 221 1733; x_wconf 88' lang='lat' dir='ltr'>non</span> <span class='ocrx_word' id='word_1_121' title='bbox 238 1679 292 1736; x_wconf 85' lang='lat' dir='ltr'>fuit</span> <span class='ocrx_word' id='word_1_122' title='bbox 309 1696 421 1734; x_wconf 88' lang='lat' dir='ltr'>neeesse</span> <span class='ocrx_word' id='word_1_123' title='bbox 438 1680 556 1736; x_wconf 81' lang='lat' dir='ltr'>habore:</span> <span class='ocrx_word' id='word_1_124' title='bbox 579 1681 631 1735; x_wconf 88' lang='lat' dir='ltr'>sed</span> <span class='ocrx_word' id='word_1_125' title='bbox 646 1681 677 1735; x_wconf 91' lang='lat' dir='ltr'>id</span> <span class='ocrx_word' id='word_1_126' title='bbox 695 1680 769 1749; x_wconf 85' lang='lat' dir='ltr'>quod</span> <span class='ocrx_word' id='word_1_127' title='bbox 787 1680 831 1736; x_wconf 85' lang='lat' dir='ltr'>lox</span> <span class='ocrx_word' id='word_1_128' title='bbox 848 1679 935 1750; x_wconf 89' lang='lat' dir='ltr'>iubet,</span> <span class='ocrx_word' id='word_1_129' title='bbox 1018 1744 1030 1753; x_wconf 26' lang='grc' dir='ltr'>,Ι</span> 
     </span>
     <span class='ocr_line' id='line_1_19' title="bbox 167 1759 795 1830; baseline 0.003 -16"><span class='ocrx_word' id='word_1_130' title='bbox 167 1759 259 1815; x_wconf 87' lang='lat' dir='ltr'>dotom</span> <span class='ocrx_word' id='word_1_131' title='bbox 277 1760 400 1827; x_wconf 81' lang='lat' dir='ltr'>duretis3</span> <span class='ocrx_word' id='word_1_132' title='bbox 424 1763 569 1830; x_wconf 84' lang='lat' dir='ltr'>quaoreret</span> <span class='ocrx_word' id='word_1_133' title='bbox 586 1762 671 1817; x_wconf 83' lang='lat' dir='ltr'>oliom</span> <span class='ocrx_word' id='word_1_134' title='bbox 689 1763 795 1816; x_wconf 75' lang='lat' dir='ltr'>virum:</span> 
     </span>
     <span class='ocr_line' id='line_1_20' title="bbox 166 1842 873 1914; baseline 0.008 -19"><span class='ocrx_word' id='word_1_135' title='bbox 166 1858 222 1910; x_wconf 82' lang='lat' dir='ltr'>qua</span> <span class='ocrx_word' id='word_1_136' title='bbox 239 1843 347 1898; x_wconf 86' lang='lat' dir='ltr'>rotione</span> <span class='ocrx_word' id='word_1_137' title='bbox 363 1844 472 1913; x_wconf 86' lang='lat' dir='ltr'>inopem</span> <span class='ocrx_word' id='word_1_138' title='bbox 491 1844 583 1914; x_wconf 89' lang='lat' dir='ltr'>potius</span> <span class='ocrx_word' id='word_1_139' title='bbox 600 1843 721 1898; x_wconf 82' lang='lat' dir='ltr'>duoebot</span> <span class='ocrx_word' id='word_1_140' title='bbox 737 1842 873 1901; x_wconf 79' lang='lat' dir='ltr'>domumt</span> 
     </span>
     <span class='ocr_line' id='line_1_21' title="bbox 167 1923 1009 1993; baseline 0.002 -17"><span class='ocrx_word' id='word_1_141' title='bbox 167 1923 216 1977; x_wconf 83' lang='lat' dir='ltr'>Gn.</span> <span class='ocrx_word' id='word_1_142' title='bbox 235 1939 290 1977; x_wconf 89' lang='lat' dir='ltr'>non</span> <span class='ocrx_word' id='word_1_143' title='bbox 308 1924 388 1993; x_wconf 77' lang='lat' dir='ltr'>totio,</span> <span class='ocrx_word' id='word_1_144' title='bbox 406 1941 500 1979; x_wconf 85' lang='lat' dir='ltr'>verum</span> <span class='ocrx_word' id='word_1_145' title='bbox 518 1925 662 1993; x_wconf 84' lang='lat' dir='ltr'>argontum</span> <span class='ocrx_word' id='word_1_146' title='bbox 680 1923 786 1980; x_wconf 77' lang='lat' dir='ltr'>deerat.</span> <span class='ocrx_word' id='word_1_147' title='bbox 826 1924 880 1980; x_wconf 82' lang='lat' dir='ltr'>Du.</span> <span class='ocrx_word' id='word_1_148' title='bbox 899 1924 1009 1980; x_wconf 75' lang='lat' dir='ltr'>sumeret</span> 
     </span>
     <span class='ocr_line' id='line_1_22' title="bbox 133 2003 1009 2065; baseline 0.008 -13"><span class='ocrx_word' id='word_1_149' title='bbox 133 2003 301 2059; x_wconf 76' lang='lat' dir='ltr'>roalieonde.</span> <span class='ocrx_word' id='word_1_150' title='bbox 337 2005 389 2060; x_wconf 84' lang='lat' dir='ltr'>Gn.</span> <span class='ocrx_word' id='word_1_151' title='bbox 407 2005 553 2065; x_wconf 71' lang='lat' dir='ltr'>alicunde?</span> <span class='ocrx_word' id='word_1_152' title='bbox 575 2005 616 2060; x_wconf 84' lang='lat' dir='ltr'>nil</span> <span class='ocrx_word' id='word_1_153' title='bbox 634 2008 678 2060; x_wconf 86' lang='lat' dir='ltr'>est</span> <span class='ocrx_word' id='word_1_154' title='bbox 696 2005 774 2060; x_wconf 86' lang='lat' dir='ltr'>dictu</span> <span class='ocrx_word' id='word_1_155' title='bbox 791 2005 909 2062; x_wconf 64' lang='lat' dir='ltr'>facilius</span> <span class='ocrx_word' id='word_1_156' title='bbox 969 2009 1009 2062; x_wconf 83' lang='grc'>300</span> 
     </span>
     <span class='ocr_line' id='line_1_23' title="bbox 167 2085 826 2156; baseline 0.005 -18"><span class='ocrx_word' id='word_1_157' title='bbox 167 2085 219 2138; x_wconf 83' lang='lat' dir='ltr'>Du.</span> <span class='ocrx_word' id='word_1_158' title='bbox 231 2086 375 2153; x_wconf 78' lang='lat' dir='ltr'>postromo</span> <span class='ocrx_word' id='word_1_159' title='bbox 393 2087 416 2140; x_wconf 90' lang='lat' dir='ltr'>si</span> <span class='ocrx_word' id='word_1_160' title='bbox 434 2086 509 2141; x_wconf 90' lang='lat' dir='ltr'>nullo</span> <span class='ocrx_word' id='word_1_161' title='bbox 526 2086 580 2141; x_wconf 88' lang='lat' dir='ltr'>olio</span> <span class='ocrx_word' id='word_1_162' title='bbox 596 2091 687 2156; x_wconf 82' lang='lat' dir='ltr'>puoto,</span> <span class='ocrx_word' id='word_1_163' title='bbox 705 2086 826 2142; x_wconf 83' lang='lat' dir='ltr'>faonore.</span> 
     </span>
     <span class='ocr_line' id='line_1_24' title="bbox 167 2164 1034 2238; baseline 0.001 -18"><span class='ocrx_word' id='word_1_164' title='bbox 167 2165 220 2220; x_wconf 84' lang='lat' dir='ltr'>Gn.</span> <span class='ocrx_word' id='word_1_165' title='bbox 237 2166 293 2234; x_wconf 89' lang='lat' dir='ltr'>hui,</span> <span class='ocrx_word' id='word_1_166' title='bbox 311 2164 383 2222; x_wconf 80' lang='lat' dir='ltr'>dixti</span> <span class='ocrx_word' id='word_1_167' title='bbox 400 2168 529 2238; x_wconf 83' lang='lat' dir='ltr'>pulchre:</span> <span class='ocrx_word' id='word_1_168' title='bbox 554 2167 691 2237; x_wconf 78' lang='lat' dir='ltr'>siquidem</span> <span class='ocrx_word' id='word_1_169' title='bbox 709 2169 856 2238; x_wconf 81' lang='lat' dir='ltr'>quisquam</span> <span class='ocrx_word' id='word_1_170' title='bbox 873 2168 995 2224; x_wconf 84' lang='lat' dir='ltr'>eroderet</span> <span class='ocrx_word' id='word_1_171' title='bbox 1031 2184 1034 2191; x_wconf 91' lang='grc'>·</span> 
     </span>
     <span class='ocr_line' id='line_1_25' title="bbox 167 2249 970 2320; baseline 0.004 -18"><span class='ocrx_word' id='word_1_172' title='bbox 167 2251 198 2302; x_wconf 87' lang='lat' dir='ltr'>te</span> <span class='ocrx_word' id='word_1_173' title='bbox 215 2249 284 2304; x_wconf 84' lang='lat' dir='ltr'>vivo.</span> <span class='ocrx_word' id='word_1_174' title='bbox 320 2249 451 2315; x_wconf 71' lang='lat' dir='ltr'>Dounon,</span> <span class='ocrx_word' id='word_1_175' title='bbox 470 2267 525 2304; x_wconf 92' lang='lat' dir='ltr'>non</span> <span class='ocrx_word' id='word_1_176' title='bbox 543 2249 583 2303; x_wconf 82' lang='lat' dir='ltr'>sie</span> <span class='ocrx_word' id='word_1_177' title='bbox 600 2249 771 2305; x_wconf 76' lang='lat' dir='ltr'><strong>futurumst:</strong></span> <span class='ocrx_word' id='word_1_178' title='bbox 795 2251 851 2304; x_wconf 91' lang='lat' dir='ltr'>non</span> <span class='ocrx_word' id='word_1_179' title='bbox 869 2253 970 2320; x_wconf 86' lang='lat' dir='ltr'>potest</span> 
     </span>
     <span class='ocr_line' id='line_1_26' title="bbox 167 2328 978 2400; baseline 0.001 -15"><span class='ocrx_word' id='word_1_180' title='bbox 167 2347 236 2399; x_wconf 83' lang='lat' dir='ltr'>egon</span> <span class='ocrx_word' id='word_1_181' title='bbox 254 2329 331 2384; x_wconf 82' lang='lat' dir='ltr'>illam</span> <span class='ocrx_word' id='word_1_182' title='bbox 347 2346 410 2384; x_wconf 87' lang='lat' dir='ltr'>cum</span> <span class='ocrx_word' id='word_1_183' title='bbox 428 2330 475 2385; x_wconf 84' lang='lat' dir='ltr'>illo</span> <span class='ocrx_word' id='word_1_184' title='bbox 492 2333 525 2385; x_wconf 89' lang='lat' dir='ltr'>ut</span> <span class='ocrx_word' id='word_1_185' title='bbox 542 2328 635 2400; x_wconf 79' lang='lat' dir='ltr'>potiar</span> <span class='ocrx_word' id='word_1_186' title='bbox 651 2332 766 2399; x_wconf 75' lang='lat' dir='ltr'>nuptum</span> <span class='ocrx_word' id='word_1_187' title='bbox 783 2330 871 2386; x_wconf 80' lang='lat' dir='ltr'>unum</span> <span class='ocrx_word' id='word_1_188' title='bbox 889 2331 978 2386; x_wconf 82' lang='lat' dir='ltr'>diemt</span> 
     </span>
     <span class='ocr_line' id='line_1_27' title="bbox 134 2411 1013 2468; baseline 0.002 -4"><span class='ocrx_word' id='word_1_189' title='bbox 134 2425 157 2463; x_wconf 78' lang='lat' dir='ltr'>u</span> <span class='ocrx_word' id='word_1_190' title='bbox 169 2412 207 2465; x_wconf 89' lang='lat' dir='ltr'>nil</span> <span class='ocrx_word' id='word_1_191' title='bbox 225 2411 308 2465; x_wconf 81' lang='lat' dir='ltr'>suove</span> <span class='ocrx_word' id='word_1_192' title='bbox 325 2411 490 2467; x_wconf 88' lang='lat' dir='ltr'>meritumst.</span> <span class='ocrx_word' id='word_1_193' title='bbox 519 2411 657 2466; x_wconf 87' lang='lat' dir='ltr'>hominem</span> <span class='ocrx_word' id='word_1_194' title='bbox 675 2413 923 2468; x_wconf 57' lang='lat' dir='ltr'>commonstrarier</span> <span class='ocrx_word' id='word_1_195' title='bbox 971 2414 1013 2468; x_wconf 83' lang='grc'>300</span> 
     </span>
     <span class='ocr_line' id='line_1_28' title="bbox 167 2492 948 2553; baseline 0.003 -5"><span class='ocrx_word' id='word_1_196' title='bbox 167 2494 206 2548; x_wconf 90' lang='lat' dir='ltr'>mi</span> <span class='ocrx_word' id='word_1_197' title='bbox 222 2492 307 2548; x_wconf 80' lang='lat' dir='ltr'>istium</span> <span class='ocrx_word' id='word_1_198' title='bbox 323 2492 451 2553; x_wconf 79' lang='lat' dir='ltr'>volosut</span> <span class='ocrx_word' id='word_1_199' title='bbox 468 2492 516 2547; x_wconf 91' lang='lat' dir='ltr'>ubi</span> <span class='ocrx_word' id='word_1_200' title='bbox 532 2492 643 2547; x_wconf 84' lang='lat' dir='ltr'>hobitet</span> <span class='ocrx_word' id='word_1_201' title='bbox 660 2492 885 2550; x_wconf 85' lang='lat' dir='ltr'>demonstrorier.</span> <span class='ocrx_word' id='word_1_202' title='bbox 945 2498 948 2503; x_wconf 84' lang='lat'>&#39;</span> 
     </span>
     <span class='ocr_line' id='line_1_29' title="bbox 168 2572 1014 2644; baseline -0.002 -13"><span class='ocrx_word' id='word_1_203' title='bbox 168 2575 219 2631; x_wconf 83' lang='lat' dir='ltr'>Gn.</span> <span class='ocrx_word' id='word_1_204' title='bbox 238 2590 337 2643; x_wconf 81' lang='lat' dir='ltr'>nempe</span> <span class='ocrx_word' id='word_1_205' title='bbox 358 2572 572 2631; x_wconf 70' lang='lat' dir='ltr'>Phormionem?</span> <span class='ocrx_word' id='word_1_206' title='bbox 611 2575 662 2629; x_wconf 78' lang='lat' dir='ltr'>Du.</span> <span class='ocrx_word' id='word_1_207' title='bbox 687 2573 772 2630; x_wconf 78' lang='lat' dir='ltr'>istum</span> <span class='ocrx_word' id='word_1_208' title='bbox 795 2580 946 2644; x_wconf 79' lang='lat' dir='ltr'>patronum</span> <span class='ocrx_word' id='word_1_209' title='bbox 963 2573 1014 2630; x_wconf 84' lang='lat' dir='ltr'>mo·</span> 
     </span>
     <span class='ocr_line' id='line_1_30' title="bbox 724 2656 808 2712; baseline 0.024 -2"><span class='ocrx_word' id='word_1_210' title='bbox 724 2656 808 2712; x_wconf 88' lang='lat' dir='ltr'>lieris.</span> 
     </span>
     <span class='ocr_line' id='line_1_31' title="bbox 170 2720 1015 2806; baseline -0.002 -12"><span class='ocrx_word' id='word_1_211' title='bbox 170 2738 222 2794; x_wconf 81' lang='lat' dir='ltr'>Gn.</span> <span class='ocrx_word' id='word_1_212' title='bbox 239 2737 295 2792; x_wconf 83' lang='lat' dir='ltr'>iem</span> <span class='ocrx_word' id='word_1_213' title='bbox 312 2738 378 2793; x_wconf 82' lang='lat' dir='ltr'>foxo</span> <span class='ocrx_word' id='word_1_214' title='bbox 394 2738 439 2792; x_wconf 88' lang='lat' dir='ltr'>hie</span> <span class='ocrx_word' id='word_1_215' title='bbox 457 2737 555 2793; x_wconf 83' lang='lat' dir='ltr'>aderit.</span> <span class='ocrx_word' id='word_1_216' title='bbox 591 2737 644 2794; x_wconf 85' lang='lat' dir='ltr'>Dn.</span> <span class='ocrx_word' id='word_1_217' title='bbox 661 2720 786 2806; x_wconf 62' lang='lat' dir='ltr'>ontipho</span> <span class='ocrx_word' id='word_1_218' title='bbox 803 2736 852 2791; x_wconf 90' lang='lat' dir='ltr'>ubi</span> <span class='ocrx_word' id='word_1_219' title='bbox 872 2754 946 2794; x_wconf 87' lang='lat' dir='ltr'>nuno</span> <span class='ocrx_word' id='word_1_220' title='bbox 962 2736 1015 2794; x_wconf 83' lang='lat' dir='ltr'>ostt</span> 
     </span>
     <span class='ocr_line' id='line_1_32' title="bbox 724 2814 1013 2874; baseline 0.003 0"><span class='ocrx_word' id='word_1_221' title='bbox 724 2819 775 2874; x_wconf 85' lang='lat' dir='ltr'>Gn.</span> <span class='ocrx_word' id='word_1_222' title='bbox 793 2817 870 2874; x_wconf 80' lang='lat' dir='ltr'>foris.</span> <span class='ocrx_word' id='word_1_223' title='bbox 1009 2814 1013 2825; x_wconf 85' lang='lat'>&#39;</span> 
     </span>
     <span class='ocr_line' id='line_1_33' title="bbox 171 2898 1016 2972; baseline -0.002 -16"><span class='ocrx_word' id='word_1_224' title='bbox 171 2902 223 2956; x_wconf 82' lang='lat' dir='ltr'>Du.</span> <span class='ocrx_word' id='word_1_225' title='bbox 246 2900 308 2970; x_wconf 83' lang='lat' dir='ltr'>obi‚&#39;</span> <span class='ocrx_word' id='word_1_226' title='bbox 324 2899 467 2969; x_wconf 83' lang='lat' dir='ltr'>Phaodria‚</span> <span class='ocrx_word' id='word_1_227' title='bbox 491 2917 554 2956; x_wconf 88' lang='lat' dir='ltr'>eum</span> <span class='ocrx_word' id='word_1_228' title='bbox 579 2901 694 2972; x_wconf 82' lang='lat' dir='ltr'>require</span> <span class='ocrx_word' id='word_1_229' title='bbox 720 2904 806 2970; x_wconf 86' lang='lat' dir='ltr'>etque</span> <span class='ocrx_word' id='word_1_230' title='bbox 829 2899 941 2956; x_wconf 80' lang='lat' dir='ltr'>adduce</span> <span class='ocrx_word' id='word_1_231' title='bbox 963 2898 1016 2954; x_wconf 77' lang='lat' dir='ltr'>hoo</span> 
     </span>
     <span class='ocr_line' id='line_1_34' title="bbox 722 2982 845 3036; baseline 0.008 -1"><span class='ocrx_word' id='word_1_232' title='bbox 722 2982 774 3036; x_wconf 86' lang='lat' dir='ltr'>Pn.</span> <span class='ocrx_word' id='word_1_233' title='bbox 793 2997 845 3036; x_wconf 89' lang='lat' dir='ltr'>eo:</span> 
     </span>
     <span class='ocr_line' id='line_1_35' title="bbox 134 3060 997 3132; baseline -0.005 -13"><span class='ocrx_word' id='word_1_234' title='bbox 134 3081 158 3119; x_wconf 86' lang='lat' dir='ltr'>so</span> <span class='ocrx_word' id='word_1_235' title='bbox 169 3063 246 3119; x_wconf 83' lang='lat' dir='ltr'>recto</span> <span class='ocrx_word' id='word_1_236' title='bbox 263 3061 308 3117; x_wconf 84' lang='lat' dir='ltr'>via</span> <span class='ocrx_word' id='word_1_237' title='bbox 326 3061 437 3131; x_wconf 87' lang='lat' dir='ltr'>quidem</span> <span class='ocrx_word' id='word_1_238' title='bbox 456 3061 527 3117; x_wconf 81' lang='lat' dir='ltr'>sslue</span> <span class='ocrx_word' id='word_1_239' title='bbox 571 3061 623 3118; x_wconf 85' lang='lat' dir='ltr'>Gn.</span> <span class='ocrx_word' id='word_1_240' title='bbox 641 3079 741 3132; x_wconf 91' lang='lat' dir='ltr'>nempe</span> <span class='ocrx_word' id='word_1_241' title='bbox 759 3061 797 3116; x_wconf 82' lang='lat' dir='ltr'>ed</span> <span class='ocrx_word' id='word_1_242' title='bbox 816 3060 997 3131; x_wconf 84' lang='lat' dir='ltr'>Pomphilam.</span> 
     </span>
     <span class='ocr_line' id='line_1_36' title="bbox 168 3136 1013 3213; baseline -0.005 -13"><span class='ocrx_word' id='word_1_243' title='bbox 168 3145 220 3200; x_wconf 83' lang='lat' dir='ltr'>Du.</span> <span class='ocrx_word' id='word_1_244' title='bbox 239 3160 290 3212; x_wconf 83' lang='lat' dir='ltr'>ego</span> <span class='ocrx_word' id='word_1_245' title='bbox 307 3145 375 3198; x_wconf 87' lang='lat' dir='ltr'>deos</span> <span class='ocrx_word' id='word_1_246' title='bbox 391 3143 498 3213; x_wconf 81' lang='lat' dir='ltr'>penatis</span> <span class='ocrx_word' id='word_1_247' title='bbox 514 3143 578 3198; x_wconf 81' lang='lat' dir='ltr'>hine</span> <span class='ocrx_word' id='word_1_248' title='bbox 596 3136 746 3199; x_wconf 78' lang='lat' dir='ltr'>salutatom</span> <span class='ocrx_word' id='word_1_249' title='bbox 763 3141 879 3197; x_wconf 87' lang='lat' dir='ltr'>domum</span> <span class='ocrx_word' id='word_1_250' title='bbox 973 3147 1013 3201; x_wconf 83' lang='lat'>311</span> 
     </span>
     <span class='ocr_line' id='line_1_37' title="bbox 170 3222 945 3294; baseline -0.001 -14"><span class='ocrx_word' id='word_1_251' title='bbox 170 3225 316 3280; x_wconf 79' lang='lat' dir='ltr'>devortor:</span> <span class='ocrx_word' id='word_1_252' title='bbox 340 3224 405 3279; x_wconf 90' lang='lat' dir='ltr'>inde</span> <span class='ocrx_word' id='word_1_253' title='bbox 422 3223 468 3278; x_wconf 91' lang='lat' dir='ltr'>ibo</span> <span class='ocrx_word' id='word_1_254' title='bbox 485 3223 522 3278; x_wconf 82' lang='lat' dir='ltr'>od</span> <span class='ocrx_word' id='word_1_255' title='bbox 538 3225 628 3278; x_wconf 82' lang='lat' dir='ltr'>forum</span> <span class='ocrx_word' id='word_1_256' title='bbox 645 3228 731 3294; x_wconf 82' lang='lat' dir='ltr'>etque</span> <span class='ocrx_word' id='word_1_257' title='bbox 749 3222 858 3292; x_wconf 78' lang='lat' dir='ltr'>aliquot</span> <span class='ocrx_word' id='word_1_258' title='bbox 875 3223 945 3279; x_wconf 84' lang='lat' dir='ltr'>mihi</span> 
     </span>
     <span class='ocr_line' id='line_1_38' title="bbox 170 3305 853 3376; baseline -0.003 -15"><span class='ocrx_word' id='word_1_259' title='bbox 170 3308 272 3361; x_wconf 81' lang='lat' dir='ltr'>amicos</span> <span class='ocrx_word' id='word_1_260' title='bbox 289 3306 436 3375; x_wconf 82' lang='lat' dir='ltr'>edvoeobo‚</span> <span class='ocrx_word' id='word_1_261' title='bbox 453 3306 490 3360; x_wconf 81' lang='lat' dir='ltr'>ed</span> <span class='ocrx_word' id='word_1_262' title='bbox 507 3305 577 3360; x_wconf 83' lang='lat' dir='ltr'>hane</span> <span class='ocrx_word' id='word_1_263' title='bbox 594 3323 653 3360; x_wconf 91' lang='lat' dir='ltr'>rem</span> <span class='ocrx_word' id='word_1_264' title='bbox 671 3305 719 3376; x_wconf 90' lang='lat' dir='ltr'>qui</span> <span class='ocrx_word' id='word_1_265' title='bbox 736 3305 853 3375; x_wconf 60' lang='lat' dir='ltr'>odoieno</span> 
     </span>
     <span class='ocr_line' id='line_1_39' title="bbox 169 3386 839 3459; baseline 0.003 -16"><span class='ocrx_word' id='word_1_266' title='bbox 169 3393 202 3445; x_wconf 87' lang='lat' dir='ltr'>ut</span> <span class='ocrx_word' id='word_1_267' title='bbox 218 3405 254 3444; x_wconf 89' lang='lat' dir='ltr'>ne</span> <span class='ocrx_word' id='word_1_268' title='bbox 270 3388 413 3459; x_wconf 69' lang='lat' dir='ltr'>inoperatus</span> <span class='ocrx_word' id='word_1_269' title='bbox 431 3388 492 3459; x_wconf 83' lang='lat' dir='ltr'>sim,</span> <span class='ocrx_word' id='word_1_270' title='bbox 511 3388 535 3443; x_wconf 91' lang='lat' dir='ltr'>si</span> <span class='ocrx_word' id='word_1_271' title='bbox 551 3386 683 3444; x_wconf 78' lang='lat' dir='ltr'>adveniat</span> <span class='ocrx_word' id='word_1_272' title='bbox 700 3388 839 3445; x_wconf 78' lang='lat' dir='ltr'>Phormio.</span> 
     </span>
    </p>
   </div>
   <div class='ocr_carea' id='block_1_3' title="bbox 0 0 1162 4050">
    <p class='ocr_par' dir='ltr' id='par_1_3' title="bbox 0 0 1162 4050">
     <span class='ocr_line' id='line_1_40' title="bbox 0 0 1162 4050; baseline 0 0"><span class='ocrx_word' id='word_1_273' title='bbox 0 0 1162 4050; x_wconf 95' lang='lat' dir='ltr'> </span> 
     </span>
    </p>
   </div>
  </div>
 </body>
</html>
