2310 4050
167 254 250 322 mc,
262 255 352 319 40—3,
364 257 416 335 1⁸·1]
505 258 670 308 555555.
687 278 702 285 ‚.
994 259 1027 312 47

127 375 152 415 40
167 368 281 440 scimus,
299 388 384 442 quam
402 371 502 426 misere
519 372 590 429 hisne
608 373 716 429 amarit.
749 373 821 440 nime
842 372 894 428 sibi
913 389 1026 429 uxerem

744 454 860 524 expetit.
975 461 1026 510 san

166 533 310 602 pestremo
321 533 353 589 id
370 534 439 589 mihi
451 534 488 589 tlt
500 534 613 604 negoti:
638 534 670 591 tir
687 539 781 591 temen
798 535 874 590 idern
891 535 1028 605 hasnirp
1064 572 1066 578 ›

276 632 282 644 ·
745 617 800 671 tias

166 695 255 766 perge
272 698 365 754 facere
381 699 422 754 ita
439 697 472 753 iit
488 697 572 752 lacis:
597 700 626 753 et
643 697 674 752 id
692 699 772 769 spero
790 698 933 753 adiuturts
952 698 1026 753 deos.

167 777 212 834 S1.
235 779 321 835 immo
343 781 389 836 abi
409 782 499 836 intro:
522 779 562 835 ibi
573 796 624 836 me
642 782 769 852 (rpperire
789 786 819 837 et
836 782 911 850 quttl
928 787 1030 852 parate¹

384 915 388 928 ,
743 879 814 933 opus
832 865 874 918 est
891 879 966 932 para

165 957 225 995 non
244 942 346 1012 inpulit
362 960 415 1013 me,
432 943 501 999 haec
517 944 591 999 nirne
608 945 719 1000 omnino
736 948 769 998 ut
786 945 934 999 crederem
1027 975 1030 980 ·

127 1030 152 1070 4⁵
167 1024 253 1092 atqui
270 1023 382 1079 hairecio
400 1042 435 1079 an
453 1042 524 1094 quae
542 1025 614 1080 dixit
632 1025 687 1079 sint
705 1041 771 1079 vera
788 1025 885 1092 (amnia,
973 1030 1024 1079 525
1096 1083 1100 1091 ,

169 1103 223 1157 sed
241 1105 319 1174 ptrvi
336 1105 442 1174 pendo:
467 1105 537 1160 illird
553 1105 622 1160 mihi
644 1105 733 1160 multe
751 1105 946 1175 mtxumumst,
1063 1157 1065 1164 ,

168 1185 248 1255 quad
265 1185 334 1240 mihi
351 1186 504 1256 pollicitust
521 1188 597 1258 ipsus
614 1191 721 1258 gnatus.
747 1188 819 1242 ntnc
838 1188 985 1244 Chremem

168 1268 344 1322 conveniam:
369 1269 453 1324 orabo
470 1271 557 1339 gutte
574 1286 706 1325 uxorem:
729 1270 759 1324 id
777 1270 801 1325 si
820 1270 940 1339 inpetro,

167 1348 240 1417 quid
257 1347 325 1403 talias
342 1349 436 1403 malim
454 1368 536 1420 quam
554 1350 636 1406 hidie
653 1351 704 1404 has
722 1351 782 1405 fieri
799 1350 930 1419 niptiasi
1025 1414 1026 1417 Ἰ

126 1439 153 1480 55
167 1445 237 1483 nam
254 1429 357 1498 gnttus
375 1431 450 1499 quod
467 1431 625 1501 pollicitust,
644 1431 700 1485 hau
717 1431 859 1488 dubitmst
876 1431 952 1501 milri,
1027 1482 1029 1486 ,

168 1510 194 1564 si
212 1509 290 1578 ntlit,
309 1511 377 1585 quin
392 1528 456 1565 eum
473 1513 572 1568 mtrite
589 1514 691 1582 possim
710 1514 820 1582 erigere.
975 1519 1025 1569 531
1060 1547 1065 1580 ;

169 1595 260 1663 atque
271 1591 342 1649 ideo
353 1592 382 1646 in
394 1595 521 1664 tempore
533 1595 625 1650 eccum
637 1595 727 1665 ipsum
745 1595 854 1649 obvitm
868 1594 1027 1651 Chremem.

465 1723 547 1778 Sruo.
582 1724 729 1780 0555555.

122 1819 155 1875 [a
170 1824 211 1880 81.
250 1824 337 1880 Iubeo‘
355 1825 538 1881 Chremetem.
581 1825 633 1881 (lm
664 1831 727 1882 ote
745 1826 835 1896 ipsum
853 1827 1026 1898 quaerebam.

211 1984 214 1989 ¹
451 1907 492 1962 sr.
521 1907 548 1962 et
566 1923 618 1976 ege
635 1910 673 1961 te.
710 1908 763 1962 05.
794 1912 890 1978 optate
908 1909 1028 1963 idvenis.
1061 1957 1065 1988 3

170 1987 280 2057 aliquit
296 2005 341 2043 me
359 1988 496 2055 adierunt,
514 1987 548 2043 tx
566 1991 595 2043 te
615 1988 928 2125 auditumfffiibm'
946 1988 1028 2045 hodie

170 2167 266 2207 meam
290 2121 396 2208 nitere
421 2153 471 2206 tuo
497 2149 600 2219 gutte:
625 2149 655 2205 id
678 2150 735 2206 viso
762 2150 813 2246 tim
836 2168 871 2206 an
893 2151 934 2206 illi
956 2145 1029 2208 insi-¹

172 2317 217 2374 S1.
251 2286 376 2373 auseilta
392 2314 503 2388 paucis:
527 2313 643 2389 etquid
659 2316 689 2369 te
706 2236 856 2412 eglllselllm
869 2317 897 2372 et
907 2319 941 2409 tu
953 2240 1028 2386 qllcl
1058 2371 1062 2406 ,ἱ

746 2412 858 2465 quaeris
876 2414 953 2452 seres.

142 2478 230 2537 son.
264 2477 408 2533 ausculto:
426 2477 539 2547 loquere
557 2475 626 2544 quid
642 2475 717 2530 velis.

122 2566 157 2618 ll
171 2559 215 2614 81.
249 2559 340 2630 perte
352 2558 419 2614 deos
436 2576 484 2614 oro
496 2561 526 2614 et
542 2558 667 2613 no‘stram
683 2557 840 2626 amicititm,
852 2558 993 2626 Chremes,

170 2635 246 2711 quae
263 2640 371 2708 inctpta
387 2656 404 2696 a
420 2639 513 2711 parvis
530 2656 593 2694 cum
610 2639 702 2694 aetate
720 2639 847 2694 adcrevit
864 2641 952 2709 simul,

169 2737 280 2795 perque
297 2719 405 2774 inicam
421 2721 535 2790 gnattm
552 2722 630 2775 tuam
647 2723 677 2774 et
693 2719 808 2788 gnatum
825 2737 926 2792 meum,
976 2725 1028 2776 540

171 2801 275 2872 quoius
290 2800 343 2856 tibi
360 2804 485 2871 potestas
502 2801 609 2855 sirmma
626 2800 754 2854 servandi
771 2801 862 2871 datur,

131 2901 158 2940 ιο
170 2886 207 2938 ut
224 2897 270 2936 me
287 2880 400 2936 tdiuves
416 2881 445 2935 in
461 2881 514 2937 lite
531 2898 569 2949 re,
588 2882 673 2950 utque
690 2881 731 2936 ita
747 2881 791 2935 nti
810 2881 926 2952 nuptiae
1027 2880 1029 2887 '

171 2962 286 3018 fuerant
302 2962 420 3031 futurae,
438 2961 520 3018 fiant
556 2961 608 3017 05.
639 2978 664 3031 a,
681 2977 717 3016 ne
734 2978 779 3016 me
797 2960 927 3016 ‹ibsecraz

171 3044 255 3117 quasi
271 3044 324 3099 hte
340 3047 370 3100 te
388 3044 491 3100 orando
510 3059 527 3099 a
543 3059 588 3099 me
606 3041 746 3112 inpetrare
764 3043 898 3113 operteat.

170 3127 259 3183 alium
276 3128 334 3183 esse
352 3143 446 3182 censes
463 3125 536 3181 niune
552 3141 597 3180 me
614 3128 699 3194 atque
717 3124 783 3179 olim
801 3125 884 3193 qutm
902 3121 1020 3178 dabam?

169 3208 197 3264 si
215 3208 245 3262 in
262 3208 346 3263 rtmst
363 3209 475 3278 utrique
493 3210 525 3263 ut
542 3207 556 3261 f
559 3206 624 3275 iant,
643 3204 746 3261 arcessi
762 3205 834 3260 iube.
976 3210 1027 3262 546

130 3307 157 3348 15
170 3288 225 3345 sed
242 3289 266 3344 si
283 3289 317 3345 tx
334 3294 368 3344 ea
384 3306 416 3345 re
433 3288 495 3360 plirs
512 3289 605 3344 maliet
622 3304 705 3358 quam
724 3286 861 3343 cimmedi

170 3370 297 3441 utrique,
314 3370 345 3426 id
362 3387 410 3426 oro
427 3373 457 3426 te
475 3369 504 3424 in
521 3386 664 3426 commune
680 3371 712 3424 ut
730 3368 862 3437 eo‘nsulss,

173 3451 257 3522 quasi
274 3451 323 3506 ssla
338 3451 443 3507 tussit
460 3449 651 3522 Ptmphilique
668 3467 721 3520 ege
737 3450 790 3504 sim
807 3452 897 3519 pater.

170 3535 215 3592 Sl.
249 3533 335 3614 imme
346 3533 388 3590 ita
398 3533 459 3592 vele
470 3534 566 3605 itaque
577 3533 685 3604 pistule
696 3537 729 3590 ut
740 3533 799 3603 fiat,
811 3533 942 3590 Chreme:
977 3540 1029 3590 550
1108 3609 1111 3615 Ι
