2310 4050
166 222 214 271 282
495 223 524 273 P.
542 220 696 272 manum
816 221 867 284 [IV
877 224 900 281 7,
911 221 997 272 11-44.

166 336 216 391 Mu
234 335 336 392 audiri.
371 335 423 392 Dn.
442 340 473 392 et
489 337 617 393 ducenda
633 337 796 393 indotatast.
833 339 881 394 Mu
899 336 992 394 afflat

166 417 220 473 Ds.
238 417 306 486 quid
322 418 396 473 nunc
408 419 577 474 futurumst?
611 419 660 475 ML
678 418 710 474 id
728 420 802 474 enim
814 418 893 549 quor}
902 435 945 474 res
954 419 1001 488 ipsa

717 499 790 556 fert:
963 502 1001 558 m
1052 558 1054 563 ,

166 579 242 634 illinc
259 579 314 634 hnc
331 580 514 636 transferetur
530 580 616 649 virgo.
651 580 703 635 Du.
722 598 738 635 o
758 561 895 652 Iuppiter,

166 661 281 716 istteine
297 666 379 732 panto
398 661 529 730 opertet?
564 661 614 715 Mr.
633 661 701 732 quid
717 661 819 717 faciam
838 660 971 732 impliusi

133 753 155 793 15
169 743 221 797 Du.
238 742 307 810 quid
325 743 429 798 facias?
446 743 470 797 si
488 759 543 797 nou
562 742 624 812 ipsa
642 758 674 796 re
692 743 745 798 tibi
764 743 841 799 istuc
859 742 941 811 dolet,

167 823 296 878 simultre
313 827 390 879 certe
407 827 451 878 est
468 824 591 879 himinis.
627 825 676 880 ist
695 824 761 895 quin
780 824 837 879 iam
855 824 982 894 ruginem

168 905 320 976 dssptndi:
337 923 382 961 res
399 907 594 976 compesitast:
612 906 684 962 fiunt
700 905 830 977 nuptiae:
968 909 1006 963 ⁷³⁶

170 987 279 1057 dempsi
290 991 396 1042 metum
408 1004 533 1043 omnem:
550 987 619 1042 haee
630 987 719 1056 magis
731 997 797 1042 sunt
808 986 934 1042 hominia
965 984 1007 1040 Dr.

724 1068 851 1123 ceterum

170 1149 260 1220 placet
276 1149 328 1206 tibi
345 1149 459 1218 iactum,
477 1149 582 1206 Micio?
617 1150 666 1204 M1.
684 1166 748 1217 non,
763 1149 792 1205 'si
809 1166 911 1221 queam

135 1244 158 1282 20
171 1233 287 1286 mutare.
322 1247 394 1286 nune
412 1247 495 1299 quom
512 1232 566 1286 u6n
584 1246 664 1300 queo,
680 1231 773 1284 animo
790 1231 880 1300 aequi
897 1231 960 1286 fere.

171 1314 200 1368 in
216 1314 304 1370 sitast
319 1313 469 1382 hominum,
488 1314 566 1385 quasi
584 1331 669 1385 quom
686 1313 767 1369 ludas
785 1312 906 1379 tesseris,

172 1394 195 1449 si
212 1392 282 1449 illud
299 1395 374 1463 quod
391 1412 520 1450 maxume
537 1397 605 1466 tpus
622 1398 667 1451 est
682 1396 759 1450 iactu
776 1395 832 1449 u6n
852 1393 934 1464 cadit,
972 1395 1008 1452 740

170 1474 241 1530 illud
258 1475 333 1546 qnod
350 1475 451 1531 cecidit
466 1477 545 1545 firte,
562 1477 593 1532 id
609 1480 673 1532 arte
688 1481 722 1532 ut
738 1475 870 1544 ctrrigas.

174 1556 224 1611 Du.
241 1557 391 1611 corrector:
408 1573 508 1626 nempe
525 1560 573 1613 tua
591 1558 653 1613 trte
670 1557 772 1628 viginti
789 1558 882 1612 minae

137 1654 160 1692 25
173 1656 224 1708 pro
240 1637 355 1708 psaltria
371 1639 494 1708 periere:
512 1656 584 1708 quae
601 1640 738 1711 quantum
755 1642 852 1709 potest

173 1719 265 1790 aliquo
284 1718 464 1785 abiciendast,
481 1718 506 1773 si
522 1736 578 1774 non
595 1720 693 1790 pretio,
712 1720 821 1789 gritiis.

174 1800 223 1855 Mr.
239 1817 330 1870 neque
348 1800 391 1855 est
407 1817 498 1869 neque
515 1800 590 1855 illam
607 1800 674 1855 stne
691 1800 791 1856 studeo
808 1798 936 1861 vendere
974 1799 1012 1856 tn
1034 1846 1039 1863 ,

174 1882 227 1936 Du.
244 1880 311 1951 quid
322 1881 408 1949 igitur
419 1880 519 1938 sanies?
553 1881 603 1937 Mr.
621 1881 695 1937 dtmi
707 1881 769 1936 erit.
804 1881 860 1938 Dn.
875 1895 928 1951 pro
938 1879 1014 1935 divin

727 1960 821 2030 iidem,

174 2041 309 2098 meretrix
326 2043 356 2096 et
372 2044 464 2097 mater
480 2041 599 2096 familias
615 2059 672 2097 uua
689 2041 718 2096 in
735 2041 834 2097 domei

139 2136 162 2175 se
176 2126 225 2181 Mr.
244 2141 314 2195 quor
330 2126 401 2181 ntn‘t
437 2125 488 2181 Du.
507 2141 604 2179 sanum
620 2128 651 2180 te
668 2124 755 2180 credis
772 2125 852 2180 essai
887 2123 938 2179 Mn
953 2120 1016 2194 eqni·

727 2206 791 2261 dem
808 2204 937 2262 arbitror.

177 2286 227 2342 Du
244 2285 287 2341 ita
303 2286 347 2341 me
364 2285 393 2340 di
410 2289 512 2356 ament,
528 2289 561 2341 ut
577 2286 660 2342 video
677 2289 755 2341 tuum
773 2302 826 2356 ego
842 2286 982 2357 ineptiam,

175 2367 312 2423 facturum
330 2367 422 2434 eredo,
440 2371 473 2422 ut
490 2367 595 2423 htbeas
612 2367 723 2438 quicum
740 2367 870 2425 cantites.
979 2366 1019 2423 tte

176 2447 226 2502 Μι.
244 2464 314 2517 quor
330 2448 402 2503 mini
437 2448 489 2502 Du.
507 2451 537 2504 et
553 2464 624 2503 nova
638 2450 727 2517 nupta
738 2445 837 2502 eadem
848 2445 920 2502 haee
936 2445 1019 2500 disat

729 2529 779 2583 Mr.
797 2528 913 2584 sessieet.

176 2609 228 2665 Dn.
245 2613 278 2665 tu
289 2609 419 2667 intereas
436 2609 533 2665 restim
545 2607 662 2664 ductans
673 2608 796 2664 saltabit.
832 2608 885 2664 Mn
902 2605 995 2678 prebe·

140 2705 164 2746 ³⁵
178 2690 229 2746 Dn.
246 2693 350 2762 probet
385 2692 434 2748 Μι.
452 2692 481 2748 tt
498 2694 530 2745 tu
542 2690 685 2746 nobiseum
702 2690 765 2758 iuna,
777 2689 802 2744 si
813 2704 885 2760 opus
897 2688 945 2744 sit„
976 2685 1021 2742 De

733 2771 761 2826 ei
778 2770 856 2826 mihi.

177 2871 231 2912 uon
248 2859 279 2911 te
296 2855 364 2911 haee
383 2853 506 2924 pudenti
540 2854 591 2909 Mr.
607 2854 664 2909 iam
684 2854 749 2909 vero
768 2852 878 2922 omitte,
897 2850 1005 2916 Demea

177 2940 254 2993 tuam
272 2937 360 2991 istane
376 2934 554 3004 iracundiam,
571 2939 657 3005 atque
674 2935 717 2989 uti
735 2934 819 2989 decet
981 2930 1023 2991 7⁶5

177 3019 296 3074 hilarum
314 3020 346 3074 te
362 3018 505 3074 lubentem
521 3018 566 3073 ite
582 3021 613 3073 te
629 3017 708 3086 gnati
724 3016 754 3072 in
770 3015 887 3086 nuptiis

178 3116 230 3170 ego
247 3101 297 3155 uas
314 3099 485 3155 conveniam:
503 3100 567 3169 pist
584 3098 638 3153 hue
655 3098 746 3153 redeo.
782 3097 835 3151 Du
854 3113 871 3151 ο
890 3093 1018 3166 luppiter,

143 3201 166 3238 ru
179 3181 296 3236 hancine
312 3181 409 3236 vitam!
433 3180 528 3235 homin
547 3181 651 3235 mtres!
676 3179 746 3234 hana
763 3177 949 3234 dementiam!

178 3263 250 3317 uxtr
265 3261 325 3316 sine
343 3260 410 3316 dote
426 3260 531 3317 veniet:
548 3260 624 3315 intus
641 3259 797 3330 pstltriast:

179 3340 277 3396 domus
294 3342 473 3410 sumptuosa:
497 3340 656 3397 adulescens
673 3339 742 3394 luxu
758 3337 904 3410 perditus:
984 3335 1026 3396 iii)

178 3423 262 3477 senex
279 3422 406 3477 delirans.
441 3421 503 3491 ipsa
519 3421 543 3476 si
560 3421 657 3491 cupiat
674 3421 761 3488 Salus,

180 3501 291 3556 servire
307 3519 420 3571 prorsus
437 3503 491 3557 nin
509 3505 604 3572 potest
621 3501 692 3556 hano
709 3486 852 3558 familiam.
