2310 4050
176 309 209 362 st
499 314 532 367 s.
549 313 704 367 russum
842 315 922 381 1113,
934 315 1037 366 „er-⁶1.

177 410 232 485 011.¹
264 439 300 479 ue
310 422 341 479 id
353 424 475 494 quidem.
509 425 559 483 ΡΛ.
576 425 751 483 ubiridistil
787 427 842 483 (lm
862 427 961 483 invia
990 428 1037 484 Pa

661 525 717 580 qua
728 526 793 566 eam
804 509 915 565 ratione
926 509 1037 565 amistil

177 584 232 643 (lu.
255 585 285 641 id
297 586 424 657 equidem
438 587 588 646 adveniens
603 591 712 647 meeum
727 590 926 647 stomachabir
939 591 1036 647 mode:

175 682 267 738 nsque
283 669 450 739 quemquam
466 686 527 725 esse
540 686 592 742 ego
605 671 746 728 hominem
758 671 889 741 trbitror‚
903 673 971 744 quei
982 672 1036 728 mt

747 753 792 823 gis
808 751 901 809 bonae
980 802 984 809 .

176 827 325 886 felicitates
341 831 435 887 imnes
452 831 586 889 aduorsat
602 832 681 889 sient.
987 839 1035 889 32⁵

140 919 164 962 at
177 910 245 980 quid
261 910 312 967 hie
329 915 373 968 est
390 911 519 970 sceleris!
538 914 617 986 peris
650 915 700 971 ΡΑ.
718 913 788 985 quid
799 913 960 971 iactdmstl
986 914 1034 971 eu

175 1073 264 1144 patris
280 1077 428 1145 cognatum
445 1077 531 1146 atque
548 1076 690 1147 aequalem
708 1076 940 1133 Archidemidem

175 1154 317 1212 novistinl
351 1155 401 1211 ΡΔ.
425 1156 494 1227 quid
511 1155 559 1214 nil
600 1156 654 1214 011.
679 1157 712 1226 is,
738 1157 806 1212 dum
827 1158 903 1213 hinc
926 1174 1033 1228 aequor,

744 1237 779 1294 iit
796 1238 835 1293 mi
854 1237 973 1295 ebriam

176 1319 225 1378 Pu
254 1316 427 1373 iuctmmode
443 1317 543 1377 hercle.
586 1318 640 1375 On.
668 1317 753 1374 immo
772 1319 845 1384 euim
863 1335 932 1375 vero
948 1318 1034 1375 inieli-

744 1400 832 1457 citer:

174 1497 239 1536 mm
256 1479 428 1536 incdmmoda
445 1481 498 1535 alia
515 1479 581 1536 siunt
598 1479 724 1550 dicenda,
742 1481 889 1538 Parmeno.
985 1487 1034 1541 3³⁰

140 1568 164 1608 4⁰
175 1561 252 1617 illum
269 1562 357 1632 liquet
374 1561 441 1617 mihi
458 1563 582 1618 deierare
599 1561 643 1616 his
660 1560 801 1618 mensibus

174 1659 224 1699 sex
240 1643 347 1713 septem
364 1659 476 1713 prorsus
493 1645 547 1699 utu
565 1642 666 1699 vidisse
683 1642 833 1713 prtxumis

174 1723 227 1778 nisi
244 1723 324 1792 nunc,
341 1739 423 1794 quom
441 1724 562 1780 minume
579 1722 677 1779 vellem
694 1723 873 1794 minumeque
888 1726 958 1797 epus
972 1726 1032 1782 fuit

174 1805 228 1861 eho
251 1807 340 1861 nenne
366 1805 418 1861 hoc
441 1806 560 1863 monstri
585 1804 722 1862 similest?
776 1806 845 1875 quid
868 1810 937 1864 aial
984 1810 1032 1865 Pa

745 1888 883 1944 maxume.

175 1967 228 2024 On.
262 1966 392 2023 continuo
403 1966 528 2023 adcurrit
539 1967 576 2023 td
587 1984 640 2038 me,
653 1983 735 2038 quam
746 1968 826 2038 longe
839 1969 963 2041 quidem,
983 1977 1032 2030 335

137 2054 162 2095 4⁵
174 2047 308 2119 incurvos,
324 2048 467 2117 tremulus,
483 2046 564 2104 labiis
581 2047 716 2118 demissis,
732 2064 862 2117 gemens:

173 2129 257 2184 ‘heus
273 2128 349 2198 heim,
367 2128 420 2183 tibi
437 2129 508 2199 dico,
528 2128 663 2185 (lhaerea'
681 2128 780 2199 inquit.
814 2131 916 2188 restiti.

173 2210 247 2266 ‘scin
264 2209 334 2280 quid
351 2226 401 2280 ego
418 2212 449 2265 te
465 2209 591 2266 volebam
601 2210 623 2266 l'
642 2209 728 2266 “dic’'
765 2210 843 2265 ‘cras
861 2212 905 2267 aa
923 2213 993 2270 mihi

172 2289 322 2348 iudicium?
358 2291 450 2361 “quid
467 2295 528 2347 tum
538 2291 568 2347 l'’
586 2291 634 2346 ‘ut
651 2290 802 2360 diligenter
819 2291 936 2350 nunties

172 2373 253 2443 patri,
270 2373 420 2429 advocatus
437 2374 518 2428 mine
535 2372 574 2427 mi
591 2389 651 2428 esse
669 2375 702 2429 ut
718 2372 891 2429 miminerit'
979 2383 1029 2435 340

134 2457 161 2500 te
172 2455 239 2510 dum
256 2454 417 2524 haecdicit,
434 2453 504 2511 abiit
519 2455 594 2511 hirs„
629 2471 697 2525 rogo
714 2452 852 2525 numquid
869 2456 948 2514 velit.

171 2538 276 2595 ‘recte'
294 2538 394 2609 inquit.
411 2538 487 2594 abeo.
507 2554 591 2607 quom
607 2536 662 2592 hie
679 2536 795 2607 respicio
812 2536 850 2592 ad
868 2539 1014 2611 virginem,

171 2620 218 2676 illa
235 2622 293 2676 stae
309 2620 417 2675 interea
432 2617 606 2674 ctmmcdum
623 2618 678 2673 huc
696 2617 857 2673 adstrterat

170 2700 200 2756 iu
216 2701 288 2758 hauc
303 2702 425 2756 nestram
443 2699 571 2770 pluteum.
618 2699 667 2755 Pa
691 2698 795 2752 mirum
811 2697 842 2752 ni
859 2699 934 2757 hanc
951 2702 1027 2772 dicit,

741 2777 824 2833 modo

169 2861 233 2920 huie
250 2863 320 2934 quas
337 2861 431 2918 datast
447 2862 528 2918 dono.
564 2860 618 2916 cn.
635 2859 691 2916 hic
707 2874 791 2928 quom
809 2857 938 2932 advenio,
955 2863 1030 2918 nulla

739 2942 811 2995 erat,
977 2949 1027 3000 ³45

131 3038 157 3079 ct
170 3025 221 3083 ΡΛ.
248 3023 361 3080 remitis
378 3020 466 3078 secuti
483 3020 589 3077 scilicet
607 3023 673 3076 sunt
689 3019 847 3089 virginem?

169 3107 222 3163 (lu.
245 3104 355 3162 verim:
372 3102 508 3176 parasitus
526 3118 589 3156 cum
606 3101 713 3157 ancilla
749 3101 800 3155 Pa
815 3100 920 3171 ipsust:
938 3103 1027 3162 ilicet:

168 3187 280 3244 desine:
297 3187 354 3242 iam
372 3184 606 3241 conclamitumet
642 3183 695 3240 Gn.
714 3182 782 3238 alias
794 3183 839 3238 res
856 3185 926 3254 agis.

168 3268 220 3337 ΡΑ,
236 3265 308 3323 istic
320 3282 372 3337 ago
383 3265 518 3336 equidem.
549 3264 602 3320 (lu.
619 3263 712 3341 mistim
724 3280 796 3334 quae
808 3263 870 3320 siti
887 3264 937 3323 dic
952 3267 1027 3338 milri,

167 3348 302 3405 vidistinl
338 3348 389 3403 ΡΑ.
406 3346 470 3416 ridi,
489 3345 569 3401 utri:
599 3344 655 3400 scio
672 3361 727 3415 quo
745 3343 868 3398 abducta
885 3344 935 3405 sit.
975 3353 1026 3404 350

131 3436 157 3478 δῦ
168 3430 221 3488 (ln.
256 3429 310 3484 eho
327 3429 462 3484 Pirmeuo
479 3425 525 3494 mi,
542 3425 633 3481 ntetiu
650 3429 680 3480 ct
697 3425 750 3480 seis
768 3423 816 3479 irbi
833 3425 909 3482 siet?

168 3511 218 3568 ΡΑ.
246 3509 302 3568 hut
319 3509 468 3566 deductast
484 3505 523 3564 td
539 3506 715 3564 meretricem
732 3504 883 3569 'lhiidcmr
909 3507 938 3566 ei
954 3509 1024 3567 deut
1049 3568 1052 3577 Δ
