2310 4050
94 245 345 314 1113‚13-4‚10.]
432 252 628 316 avuvcflvs.
777 267 780 272 ’
923 259 955 310 91

94 345 144 418 uus
165 363 244 419 sunit
263 367 373 437 ecquod
390 367 508 441 htbeam
527 373 556 425 et
576 388 659 441 quam
679 371 761 441 louge
779 372 797 427 t
815 374 892 430 mari.

95 445 180 501 credo
198 446 227 501 ei
246 446 356 516 plaeere
373 448 433 518 hoc,
452 451 596 520 speratae
614 469 632 506 a
651 469 697 508 me
716 452 841 511 avtltera
904 461 956 510 520

61 543 83 582 ιι
95 529 351 599 postuma-ecqua
369 530 435 586 iude
454 533 540 603 ptrva
559 533 687 603 pen‘isset
704 550 800 602 sorer3

50 680 54 684 ι
95 609 192 678 eequis
213 626 277 664 cum
295 627 329 666 ea
347 628 418 678 una;
437 613 507 683 quid
527 613 675 683 habuisset,
695 617 780 685 quem
800 617 891 687 perit3

95 691 192 762 ecquis
211 709 273 747 eam
289 698 384 764 posset
402 695 523 750 utseere.
559 695 628 751 haee
648 712 718 767 quor
737 699 895 766 quadriteti
960 703 962 707 '

95 773 149 828 nisi
168 774 193 828 si
212 774 260 830 ssla
279 776 353 831 forte
372 793 443 846 quae
463 777 527 831 tlim
544 778 630 848 pen'it
648 778 772 848 parvola,

96 871 159 914 eam
179 855 239 910 sese
256 855 377 922 intendit
397 858 464 926 tsse,
482 858 553 913 utist
571 856 694 915 audacia.
905 866 957 919 625

60 950 83 988 aa
95 953 193 991 verum
210 937 244 992 ea
261 938 285 992 si
302 938 378 1007 vivit,
398 939 485 993 annos
503 941 597 994 natast
616 939 742 1006 sidecim,

95 1035 152 1073 non
171 1020 273 1076 maior:
290 1020 383 1096 Thais,
404 1021 488 1091 qutm
508 1037 558 1090 ego
577 1038 647 1090 sum,
666 1021 852 1078 maiusculast

95 1100 175 1157 misit
194 1119 277 1172 porro
295 1119 381 1171 orare,
402 1104 435 1158 ιἰι
453 1102 583 1170 venirem,
602 1103 680 1158 strio.

96 1187 148 1238 aut
167 1182 245 1238 dieat
264 1183 340 1254 qued
358 1184 416 1239 volt
434 1185 486 1239 aut
502 1184 620 1239 molesta
638 1186 673 1240 nt
692 1184 753 1240 siet

94 1282 152 1320 non
170 1265 263 1320 htrele
283 1266 391 1321 veniam
409 1267 501 1322 tertio.
532 1266 602 1321 heus
620 1266 697 1335 heus,
717 1267 809 1338 tequis
826 1267 887 1324 hiet
905 1275 956 1325 530

59 1357 83 1396 as
95 1345 230 1416 egestum
250 1347 389 1403 chremes.
424 1350 474 1404 Pu.
497 1349 686 1418 octpitulum
705 1348 923 1422 lepidissumum.

96 1427 151 1483 (in.
188 1427 251 1483 dico
269 1429 319 1497 ego
338 1429 378 1483 mi
397 1428 512 1484 iusidias
529 1429 614 1485 fierit
656 1430 706 1484 Pu.
730 1432 816 1486 Thais
827 1433 957 1488 mtxumo

94 1513 127 1564 te
147 1510 248 1565 orabat
269 1526 359 1581 opere,
378 1514 412 1566 ut
431 1513 494 1567 ersis
511 1511 624 1567 redires.
661 1512 713 1567 (ιιι.
738 1513 785 1568 rim
804 1530 845 1569 eo.

95 1590 148 1647 Pu.
185 1591 230 1646 fau
251 1591 358 1648 amabo.
398 1592 451 1648 (tm
479 1609 536 1648 non
558 1608 677 1663 possum,
699 1581 839 1664 inquam'
855 1596 904 1650 Pu.
927 1598 959 1651 at

597 1677 629 1728 tu
647 1675 723 1745 apud
739 1693 789 1730 nos
806 1675 853 1730 hic
870 1693 958 1744 mane,

95 1755 166 1814 dum
195 1752 292 1825 redeat
317 1753 385 1824 ipsa
433 1754 487 1810 Gn.
520 1755 561 1810 11ss
587 1754 685 1810 miuus.
730 1757 780 1810 Pu.
812 1773 889 1826 quor,
918 1759 961 1812 mt

670 1836 821 1893 Chremest
906 1844 958 1894 535

59 1929 82 1970 aa
96 1918 152 1974 On.
186 1917 290 1973 malam
316 1933 376 1981 rem
396 1917 462 1972 hine
485 1915 556 1973 ibist
611 1916 660 1973 Pa
694 1918 719 1973 si
742 1917 814 1975 istuc
837 1918 878 1974 ita
901 1936 959 1975 eer-

671 1998 762 2053 tuimst
780 1998 840 2068 tibi,

96 2079 199 2136 amabo
215 2082 249 2134 ut
266 2077 332 2132 illue
349 2078 477 2133 transeas
494 2076 542 2131 ubi
559 2076 643 2133 illast.
679 2077 732 2132 On.
756 2094 797 2133 ee.

97 2163 149 2219 Pu.
187 2162 241 2230 abi,
259 2159 365 2228 D6rias,
384 2159 441 2214 cito
460 2157 534 2214 hunc
554 2157 662 2217 deduce
680 2160 718 2214 ad
736 2160 863 2217 militem.

458 2299 601 2354 Amano.

15 2419 61 2475 111
72 2437 85 2475 ι
97 2403 153 2474 aa
188 2414 251 2471 aaa
271 2414 379 2484 sliquos
398 2412 598 2470 adulescentuli
616 2398 723 2470 aimus
742 2415 771 2470 sn
793 2415 899 2484 Piraeo,

97 2499 128 2556 in
145 2499 222 2554 haina
241 2497 316 2553 diem
335 2499 369 2553 ut
388 2497 424 2552 de
443 2495 575 2551 sumbolis
595 2497 725 2552 essemus
759 2497 911 2553 Chaeream
931 2496 959 2552 ei

672 2578 714 2633 rei
907 2583 959 2633 540

96 2661 294 2734 praefecimus:
312 2659 372 2715 dati
387 2659 479 2714 tuuli:
497 2658 583 2728 loeus,
601 2659 711 2730 ttmpus
731 2660 949 2716 constitutumst.

96 2742 244 2816 praeteriit
258 2745 385 2812 tempus:
402 2757 457 2811 quo
473 2741 504 2795 tn
517 2739 579 2796 loeo
590 2740 733 2809 dictumst,
751 2743 842 2812 parati
855 2742 895 2795 nil
909 2744 960 2796 est.

72 2827 181 2882 thome
204 2824 266 2894 ipse
293 2825 473 2892 nusquamst:
502 2822 592 2891 utque
618 2821 673 2875 seio
697 2823 765 2892 quid
791 2823 883 2877 dicam
910 2825 961 2877 aut

672 2902 741 2972 quid
759 2904 917 2958 comitatem.

97 3003 174 3044 nune
193 2984 232 3039 mi
250 2983 302 3040 hec
321 2982 416 3052 negoti
436 2981 520 3038 atteri
539 2982 650 3052 dedtre,
665 2986 699 3037 ut
727 2983 804 3037 illum
822 2983 960 3052 quadram,
979 2973 987 2985 ’

97 3069 185 3139 idque
213 3064 285 3120 ideo
310 3064 405 3132 visam,
436 3063 462 3118 si
491 3062 602 3118 domist
650 3063 713 3132 quis
739 3080 805 3118 nam
832 3063 896 3117 binc
924 3064 960 3119 ab

674 3143 781 3198 Thaide
799 3144 876 3200 exiti
908 3150 960 3199 545

97 3233 124 3288 is
141 3231 186 3288 est
203 3245 241 3283 an
258 3243 314 3282 nou
328 3226 389 3281 est't
410 3223 487 3292 ipsus
505 3228 557 3280 est.
587 3224 723 3294 quidhoc
739 3224 875 3280 himinis?
893 3223 961 3294 quid

669 3304 722 3360 hoa
740 3306 879 3361 omatisti

99 3390 169 3460 quid
184 3389 257 3444 illud
271 3388 386 3444 malistt
400 3388 507 3458 nequet
523 3386 591 3442 satis
606 3387 702 3442 mirtri
713 3402 805 3455 neque
820 3388 960 3443 conicere:

64 3486 85 3528 ιι
98 3473 161 3539 nisi,
186 3469 326 3543 quidquid
346 3472 399 3539 est,
420 3468 516 3541 procul
538 3468 606 3524 hiue
628 3468 707 3523 lubet
729 3467 807 3538 prius
830 3468 901 3539 quid
923 3469 961 3526 sit

672 3548 813 3606 sciscittri.
