2310 4050
200 283 248 334 176
523 285 552 334 Ρ.
571 285 723 336 TERENTI
796 288 822 354 [Ι
834 288 858 348 4,
870 287 1036 346 48-111‚1s.

198 396 299 451 iustam
315 397 392 452 illam
410 415 528 466 eausam,
547 400 664 469 ducilem,
682 401 848 470 vincibilem,
866 395 1019 473 dpiumamd

200 479 250 532 ΡΗ.
270 480 389 535 memini.
424 482 475 536 Gn.
494 482 543 548 dm,
555 499 627 536 nune
642 482 731 553 ipsust
747 484 818 553 dpus
835 500 876 553 es,
891 487 948 552 aui,
962 481 1039 553 siquid

163 650 187 690 uu
199 640 313 696 melidre
329 647 359 698 et
378 645 523 700 callididre.
559 649 612 702 ΡΗ.
629 648 679 701 fiet
697 569 853 703 sdddibifflt’

200 723 250 778 Gn.
269 741 341 780 nunc
359 727 436 795 prior
453 728 529 782 adito
547 731 586 797 iu,
606 730 655 797 ego
672 729 701 782 in
718 729 825 783 insidiis
842 728 890 784 hic
908 744 955 784 ero

199 805 427 876 subcenturiatus
447 809 540 878 siquid
558 810 677 865 deficids.
713 811 766 864 ΡΗ.
783 827 843 879 ege.
1001 813 1042 864 230

394 948 539 1002 Duumno.
576 948 664 1003 (inus.
701 948 865 1002 Pnsnnum.

133 1047 164 1100 Π
179 1063 186 1100 ¹
201 1059 252 1112 Du.
272 1041 353 1112 stane
361 1057 476 1111 tandem
489 1057 602 1110 undrem
615 1056 696 1110 duxit
708 1039 835 1124 dntipho
846 1055 954 1110 iniussu
966 1055 1039 1110 meoi

201 1141 250 1194 nec
262 1156 354 1194 meum
372 1138 507 1208 inperium
519 1158 524 1193 :
549 1155 581 1192 uc
593 1138 633 1192 mi
637 1143 678 1193 tto
692 1138 830 1208 inperium
841 1157 846 1192 :
870 1139 926 1192 ndu
938 1136 1046 1192 simuu

755 1221 812 1274 idm
830 1236 922 1274 meam

201 1302 320 1358 revereri
333 1302 447 1356 saltem!
473 1301 528 1354 ndu
546 1300 668 1369 pudere!
695 1317 711 1354 ο
725 1301 833 1355 fdciuus
845 1301 947 1368 audax,
960 1299 975 1354 ὁ
987 1298 1047 1354 Ges

203 1385 335 1439 monitdr!
372 1382 423 1437 un.
441 1382 488 1435 vix
500 1382 622 1437 tandem.
660 1383 712 1436 Du.
731 1384 800 1451 quid
819 1383 889 1436 mihi
906 1378 1047 1436 dicenisdd

680 1479 762 1532 quam
775 1480 887 1518 causam
899 1461 1048 1533 reperienti

179 1558 191 1598 5
203 1547 332 1602 demiror.
369 1545 422 1599 ΡΗ.
437 1544 513 1614 adqui
526 1545 678 1615 reperiam:
699 1546 774 1600 aliud
786 1546 860 1600 edre.
897 1546 950 1600 Du.
961 1561 995 1600 un
1005 1544 1049 1615 hoe

756 1632 831 1686 dicet
848 1631 934 1686 mihi:
1006 1635 1049 1685 235

202 1716 323 1770 ‘invitus
339 1714 401 1769 feci.
425 1714 469 1768 lex
489 1713 614 1782 coegii’i
638 1713 727 1782 addin,
746 1715 841 1770 fetedr.
878 1715 930 1770 Gn
949 1713 1042 1783 plebes

204 1798 256 1851 Du.
274 1795 370 1852 verum
394 1795 533 1862 scientem,
552 1795 669 1849 idcitum
694 1812 804 1850 causam
828 1795 946 1850 irddere
965 1793 1051 1849 sdvur·

757 1876 844 1945 seriis,

203 1954 326 2013 eiidmne
344 1957 374 2012 id
390 1957 436 2011 lex
454 1942 564 2026 eodgitu
613 1957 665 2012 Pn.
689 1956 759 2010 illud
784 1956 892 2012 dirum.
942 1955 993 2012 Gu.
1009 1969 1053 2024 ego

761 2038 926 2106 expedidm:
950 2037 1015 2093 sine.

204 2118 258 2172 Du.
285 2116 448 2172 incertumst
466 2116 534 2186 quid
552 2132 639 2185 agam,
657 2117 723 2184 quia
740 2119 854 2186 praeter
876 2134 958 2187 spem
976 2122 1055 2186 utque

653 2197 816 2252 incredibile
828 2198 881 2252 hoc
894 2199 934 2252 mi
946 2197 1055 2265 dbtigit:

172 2287 193 2325 1⁰
203 2279 244 2334 ida
256 2295 318 2332 sum
329 2277 468 2347 multatus,
483 2277 605 2332 dnimum
623 2280 656 2331 ut
673 2293 808 2346 nequeam
826 2277 864 2332 ad
881 2277 1056 2347 negibundum

758 2357 916 2412 instituere.
1011 2361 1056 2411 240

205 2456 288 2510 quem
305 2438 401 2493 obrem
419 2437 513 2506 dmnis,
526 2453 610 2506 quom
627 2436 764 2492 secundae
781 2455 827 2493 res
845 2442 912 2494 sunt
929 2439 1058 2505 mdxums,

759 2522 819 2573 tum
837 2519 969 2575 mdxume

205 2602 443 2659 meditdri'secum
461 2602 579 2671 opdrtet,
603 2615 658 2668 quo
683 2603 765 2669 paeto
789 2599 938 2670 eduensem
957 2615 1056 2655 uerum

759 2681 823 2734 ndm
841 2679 942 2735 ferens

205 2768 316 2838 pericle,
335 2766 436 2820 damna
452 2765 568 2833 peregre
586 2762 694 2817 rediens
712 2763 820 2832 semper
838 2778 934 2816 secum
951 2762 1051 2832 edgiiet

205 2855 255 2906 aut
277 2850 322 2904 fili
345 2850 490 2917 peecatum
515 2845 564 2900 adt
587 2845 682 2898 uxoris
706 2846 824 2898 mertem
855 2847 906 2899 sut
938 2845 1058 2900 morbum

761 2925 848 2992 filiae,

175 3027 196 3066 15
207 3010 360 3069 communia
378 3025 438 3064 esse
458 3006 534 3076 haec,
556 3005 661 3076 nequid
683 3006 782 3060 horum
806 3021 940 3074 umquam
957 3005 1059 3062 decidui

763 3085 854 3140 animd
872 3103 989 3142 novom:
1014 3093 1058 3142 24⁵

208 3172 345 3244 quidquid
362 3172 474 3241 praeter
485 3185 563 3238 spem
580 3168 694 3236 eveniad
707 3183 787 3221 omne
801 3167 832 3221 id
848 3166 988 3238 deputare
1003 3178 1059 3225 esse

760 3248 790 3301 in
808 3248 892 3304 luero.

209 3337 262 3392 Gn.
281 3351 298 3389 ο
317 3331 460 3398 Phaedria,
477 3329 670 3384 incredibilest
688 3331 823 3398 quantum
848 3345 929 3384 erum
947 3330 1014 3387 dude
1030 3344 1059 3386 eo

760 3412 903 3482 sapientia„

210 3499 345 3556 mediddia
361 3497 429 3552 mihi
447 3500 512 3551 suni
529 3495 619 3552 bmnia
635 3511 698 3551 mee
711 3493 893 3567 incdmmoda,
912 3495 1060 3554 erasure

765 3575 866 3634 dierii:
