2310 4050
116 287 198 352 -eal
365 287 533 337 PHORMIO.
702 333 704 338 ,
831 284 878 336 171

116 399 174 470 lpse
191 399 263 457 faeie
280 400 409 470 egregia?
438 401 506 469 quid
523 398 617 481 verbis
635 401 737 470 opustl
828 403 878 454 100

116 482 170 539 aas
188 482 276 537 omnis
293 483 348 536 nts.
379 482 418 536 ibi
436 481 566 537 continuo
588 481 712 551 Antipho

116 578 154 617 ue
169 578 268 617 eamus
284 563 375 616 visere
385 561 406 616 l’
434 562 505 617 alius
523 562 654 619 ‘etmeot
670 579 689 644 t'
703 590 711 605 ·-
724 574 765 659 Μ’»κ

124 661 131 696 :
157 642 212 697 due
229 659 278 697 nos
295 642 390 702 sddea’
418 642 499 710 imus,
517 644 649 711 venimus,

116 739 160 780 us:
185 724 263 792 virgo
280 723 410 794 pulchra:
433 725 534 789 etque
552 724 640 792 magis
658 722 774 790 diceres,

116 807 173 861 arat
190 805 342 860 adiumenti
360 805 398 861 ad
414 804 666 874 pulchritddinem:
797 807 885 862 ..ult

116 902 133 940 s
149 902 254 957 passus,
272 887 366 942 nudus
383 904 441 956 pes,
459 886 657 959 ipsahdrrida,

116 967 163 1036 me,
180 968 297 1023 vestitus
315 967 422 1038 turpis:
445 971 485 1034 ut,
504 966 532 1020 ni
549 966 593 1021 vis
610 966 676 1021 beni

116 1066 126 1103 ι
140 1048 245 1104 mosset
261 1048 358 1114 ferma,
376 1048 444 1102 haec
460 1048 575 1102 formam
593 1048 798 1116 extinguerent.

116 1129 223 1185 uillam
238 1129 515 1266 fflfidicinam
533 1128 644 1183 tantum
662 1129 786 1209 modus

127 1210 221 1282 lnquit
414 1211 508 1265 nester
524 1227 621 1264 vero...
661 1211 714 1264 DA.
731 1210 786 1264 iam
804 1207 876 1264 seio:

126 1292 225 1360 eoepit
268 1292 318 1348 Gru
338 1293 397 1347 scin
415 1292 518 1360 quaml
542 1308 597 1360 quo
615 1290 717 1346 evadtt
733 1290 805 1346 vide.
825 1296 872 1345 111
923 1358 927 1369 ⁸

116 1371 154 1427 lie
172 1372 209 1427 ad
227 1390 310 1428 anum
328 1375 404 1428 reeta
421 1373 526 1444 pergit:
551 1372 684 1440 tbsecrat,

116 1471 121 1508 ι
137 1470 197 1508 ems
214 1454 298 1508 faeiat
316 1453 428 1522 atpium
452 1453 499 1506 illa
516 1452 588 1506 enim
607 1453 636 1507 se
653 1453 739 1549 negat

124 1551 187 1590 eum
204 1537 318 1605 aequom
336 1539 379 1591 alt
404 1536 508 1590 facere
539 1535 615 1590 illam
637 1536 723 1592 civem
745 1551 806 1593 esse
823 1517 875 1592 lt

572 1617 656 1671 ticam

133 1698 213 1754 bouis
232 1701 413 1769 prognatam:
439 1699 462 1753 si
479 1700 593 1754 uxorem
611 1699 678 1754 velit
824 1705 874 1754 115

116 1779 126 1834 l
142 1779 226 1836 licere
243 1781 350 1836 faeere:
376 1781 418 1834 sin
436 1779 522 1849 aliter,
540 1783 632 1849 negat.

125 1861 194 1930 quid
211 1865 306 1930 ageret
323 1861 443 1915 nescire:
468 1864 498 1915 et
514 1861 590 1914 illam
608 1860 710 1916 ducere

116 1945 143 1997 at
161 1946 192 1996 et
207 1942 349 1996 metuebat
367 1941 509 1996 absentem
527 1945 643 2011 patrem.

116 2038 153 2088 m,
172 2023 197 2079 sl
214 2023 341 2090 redisset,
359 2023 386 2077 ei
404 2026 485 2092 pater
502 2023 611 2077 venitm
628 2023 728 2079 daretl

116 2105 136 2159 le
152 2103 310 2159 indotatam
328 2105 463 2172 virginem
483 2108 568 2173 atque
585 2104 734 2172 igudbilem
824 2111 875 2160 120

116 2184 175 2240 'llil
205 2202 356 2255 numquam
373 2186 487 2254 flueret.
529 2185 873 2257 DA.q11idfitd6niquel

116 2265 158 2320 rid
174 2264 252 2321 fiatl
276 2272 319 2320 est
336 2267 475 2342 parasitus
494 2265 607 2334 quidam
626 2265 782 2335 Phemio„

116 2345 269 2401 uenfideus:
294 2346 341 2414 qui
358 2345 437 2398 illum
455 2345 484 2399 di
503 2361 597 2399 omues
614 2346 751 2414 perduint
913 2415 915 2418 Α

116 2425 163 2481 uid
185 2427 210 2480 ie
233 2426 319 2481 feeitl
361 2426 411 2482 Gu.
436 2427 489 2480 hoc
512 2426 657 2480 eonsilium
682 2426 758 2497 quod
782 2426 873 2483 dietm

569 2507 664 2563 dedit:

116 2593 133 2646 t
150 2592 182 2645 ut
200 2589 291 2656 orbae,
310 2589 358 2656 qui
377 2592 442 2643 sunt
459 2605 562 2657 genere
579 2590 713 2659 prtxumi‚
822 2596 872 2647 125

116 2673 186 2738 sant,
205 2674 236 2724 et
251 2669 313 2724 illes
330 2668 432 2724 ducere
450 2671 550 2724 eadem
568 2672 637 2725 haec
654 2672 698 2727 lex
716 2671 802 2727 iubet.

125 2749 274 2821 eegnatum
293 2750 384 2804 dicam
403 2754 433 2805 et
450 2751 504 2804 tibi
522 2753 640 2807 scribam
658 2752 766 2808 dicam:

116 2851 159 2888 um
177 2834 296 2888 amioum
314 2849 360 2887 me
378 2832 550 2889 adsimulabo
567 2834 697 2903 vll-ginis:

116 2915 172 2970 lues
189 2913 345 2969 veniemus:
370 2915 417 2981 qui
435 2914 523 2968 fuerit
541 2919 629 2984 pater,

116 2996 201 3064 atter,
219 2995 268 3064 qui
286 2996 404 3064 cognata
421 2995 472 3050 tibi
490 2997 535 3064 sit,
553 2997 644 3051 emnia
660 2996 730 3052 haee
821 3003 872 3054 130

116 3095 189 3148 ram:
225 3077 301 3147 quod
330 3079 386 3132 erit
412 3079 481 3132 mihi
510 3078 613 3134 bonum
642 3081 728 3150 atque
753 3080 872 3137 edmmo·

568 3160 644 3228 dum,

116 3242 146 3295 tu
161 3239 260 3294 herum
277 3239 316 3293 nil
333 3238 449 3308 refelles,
466 3241 575 3296 vincam
594 3240 708 3296 scilicet.

116 3320 211 3376 'aderit
245 3320 313 3374 mihi
331 3320 446 3390 parttae
463 3322 542 3377 lites:
566 3321 635 3391 quid
651 3321 733 3376 meat

115 3401 190 3455 idem
207 3405 304 3456 nostru
321 3400 383 3455 erit.
364 3400 480 3456 t’Dn.
498 3401 646 3457 iocularem
664 3400 816 3457 audaciam.

116 3481 273 3538 usuasumst
290 3479 413 3537 homiui·
437 3480 584 3536 factumst:
604 3496 657 3535 ven
659 3483 763 3536 tzumst
787 3479 872 3537 vinei·

566 3577 645 3618 mur:
818 3567 869 3620 135
